2400 4290
86 345 89 352 Ι
115 268 168 328 ,14
221 341 225 348 ,
411 282 438 322 c.
462 279 637 324 scansurus
660 282 796 325 rastros

123 415 270 477 voeabula
282 413 407 485 habent3
426 412 578 499 auotupmi
592 411 718 492 perinde
732 433 842 472 nomen
856 434 891 473 ac
904 414 982 473 bona
995 415 1078 494 igno·

122 524 236 570 rantur.
831 516 834 522 “
1086 568 1089 575 ,

163 605 299 666 XXVII.
314 606 469 666 Funerum
476 606 558 664 nulla
566 605 702 666 ambitio:
714 604 745 664 id
753 606 851 664 solum
860 607 1039 677 observatur,
1046 620 1080 667 ut

123 721 250 782 corpora
260 703 408 761 clarorum
415 701 548 760 virorum
558 701 646 760 certis
653 701 742 780 lignis
753 715 930 762 crementur.
960 703 1079 762 Struem

122 799 190 877 rogi
207 819 267 867 neo
286 798 427 870 vestibus,
448 817 504 856 nee
523 797 675 869 odoribus,
698 799 866 857 cumulant:
896 818 951 857 sua
970 799 1080 877 cuique

63 910 64 914 ’
93 906 97 913 ’
122 914 214 966 mma,
239 893 425 973 quorundam
448 894 511 973 igni
534 907 565 953 et
588 913 682 972 equus
704 890 850 973 adjicitur.
901 894 1081 972 Sepulcrum

123 1010 228 1070 cespes
239 991 337 1070 erigit.
365 990 631 1049 Monumentorum
642 988 769 1048 arduum
779 1001 810 1049 et
821 1009 980 1068 operosum
988 991 1080 1051 hono·

121 1107 196 1156 rem,
218 1098 252 1145 ut
275 1106 396 1165 gravem
420 1086 575 1154 defunctis,
597 1085 822 1163 adspernantur.
873 1085 1022 1144 Lamenta
1045 1106 1081 1145 ac
1143 1120 1146 1129 ι

121 1182 262 1240 lacrimas
273 1182 341 1252 cito,
352 1180 488 1239 dolorem
499 1194 530 1238 et
539 1180 689 1238 tristitiam
699 1178 784 1238 tarde
793 1193 913 1258 ponunt.
948 1180 1080 1240 Feminis

24 1350 28 1357 ¹
122 1279 228 1355 lugere
238 1278 399 1336 honestum
411 1290 470 1349 est3
488 1276 560 1335 viris
571 1275 752 1335 meminisse.
792 1274 1096 1345 Haecin‘commun&‚

122 1372 162 1431 de
175 1372 306 1431 omnium
321 1372 542 1431 Germanorum
558 1371 673 1450 origine
691 1391 726 1429 ac
743 1372 875 1430 moribus
892 1373 1079 1452 accepimus:
1089 1372 1106 1439 ²,

121 1489 199 1526 nunc
226 1468 409 1546 singularum
439 1468 572 1546 gentium
600 1467 734 1526 instituta
762 1467 907 1545 ritusque,
932 1483 1099 1546 quatenus

122 1564 269 1635 differant,
284 1583 351 1642 quae
368 1564 504 1622 nationes
518 1583 536 1621 e
550 1552 715 1622 Germania
728 1563 759 1621 in
773 1563 888 1623 Gallias
902 1565 1078 1644 commigra-

121 1660 227 1730 verint,
241 1660 410 1738 expediam.

160 1757 315 1817 XXVIII.
332 1756 504 1815 Validiores
519 1756 590 1815 olim
600 1755 756 1814 Gallorum
771 1775 819 1814 res
829 1754 932 1825 fuisse,
944 1777 1081 1816 summus

122 1867 277 1913 auctorum
283 1853 395 1912 divusJ
399 1854 473 1912 ulius
480 1853 583 1914 tradit:
597 1873 694 1932 eoque
701 1852 843 1912 credibile
852 1853 1078 1922 est,etiamGal·

121 1951 165 2008 los
178 1949 210 2006 in
223 1949 417 2007 Germaniam
432 1963 640 2027 transgressos.
682 1947 871 2020 Quantulum
884 1948 966 2007 enim
983 1950 1078 2009 amnis

121 2045 265 2114 obstabat,
279 2064 339 2122 quo
353 2044 461 2117 minus,
473 2057 506 2102 ut
519 2065 647 2122 quaeque
661 2064 734 2122 gens
745 2046 905 2115 evaluerat,
917 2059 1079 2124 occuparet

122 2151 364 2220 permutaretque
374 2139 472 2209 sedes,
481 2139 662 2218 promiscuas
674 2139 771 2199 adhuc
782 2152 812 2199 et
821 2142 906 2199 nulla
915 2161 1078 2220 regnorum

122 2231 391 2314 potentiadivisasl
420 2234 518 2313 Igitur
526 2234 603 2293 inter
611 2235 798 2313 Hercyniam
809 2237 914 2296 silvam
923 2238 1077 2297 Rhenum·

70 2363 72 2368 ·
122 2351 180 2409 que
204 2344 236 2389 et
255 2331 393 2390 Moenum
413 2351 518 2390 amnes
540 2331 683 2402 Helvetii,
704 2333 847 2392 ulteriora
866 2333 943 2405 Boii,
961 2334 1079 2393 Gallica

122 2439 247 2505 utraque
273 2447 356 2506 gens,
376 2440 508 2487 tenuere.
566 2427 671 2488 Manet
697 2429 793 2488 adhuc
817 2431 933 2490 Boione*
959 2450 1077 2499 nomen,

123 2522 329 2602 significatque
355 2524 414 2583 loci
435 2537 571 2583 veterem
598 2525 772 2583 memoriam
798 2525 934 2604 quamvis
959 2526 1079 2584 mutatis

122 2620 293 2680 cultoribus.
341 2619 403 2679 Sed
419 2633 520 2679 utrum
536 2620 674 2679 Aravisci
690 2621 721 2679 in
739 2621 925 2681 Pannoniam
946 2622 983 2679 ab
1000 2620 1077 2691 Osis,

123 2716 343 2776 Germanorum
356 2717 487 2788 natione,
499 2738 537 2777 an
550 2717 603 2776 Osi
618 2718 656 2776 ab
666 2718 818 2776 Araviscis
831 2717 862 2774 in
873 2717 1078 2785 Germaniam,

123 2812 390 2890 commigraverint,
413 2834 481 2872 cum
505 2813 613 2873 eodem
638 2813 736 2871 adhuc
759 2833 906 2882 sermone,
927 2811 1077 2881 institutis,

123 2907 257 2965 moribus
274 2920 404 2976 utantur,
418 2908 564 2966 incertum
581 2920 642 2966 est:
663 2908 741 2982 quia,
756 2907 822 2985 pari
838 2907 907 2965 olim
923 2907 1025 2986 inopia
1043 2928 1078 2968 ac
1174 2902 1180 2907 ’

122 3002 272 3071 libertate,
299 3001 407 3060 eadem
433 3002 588 3078 utriusque
614 3001 689 3078 ripae
715 3001 793 3059 bona
818 3003 957 3078 malaque
984 3014 1078 3061 erant.

97 3096 112 3123 Υ
125 3096 250 3155 Treveri
263 3108 295 3155 et
305 3095 412 3154 Nervii
423 3096 503 3154 circa
516 3095 744 3154 adfectationem
755 3095 943 3155 Germanicas
955 3096 1077 3173 originis

123 3193 201 3251 ultro
212 3190 361 3250 ambitiosi
369 3203 445 3264 sunt,
454 3203 616 3268 tamquam,
624 3210 681 3269 per
690 3191 767 3250 hanc
778 3190 904 3268 gloriam
915 3189 1077 3269 sanguinis,

123 3309 142 3348 a
164 3287 358 3369 similitudine
379 3300 410 3347 et
430 3287 539 3346 inertia
559 3287 717 3346 Gallorum
744 3298 928 3366 separentur.
977 3286 1079 3364 Ipsam

124 3385 226 3446 Rheni
251 3385 350 3464 ripam
371 3383 453 3444 haud
476 3383 567 3456 dubie
588 3383 808 3458 Germamnoru
835 3383 939 3469 ppouli
966 3384 1076 3459 colunt,

124 3482 309 3562 Vangiones,
325 3481 458 3552 Triboci,
475 3480 640 3553 Nemetes.¹
671 3481 722 3539 Ne
739 3478 812 3539 Ubii
833 3479 955 3558 quidem
975 3501 1078 3559 quam-

92 3586 103 3593 “
126 3600 215 3657 quam
224 3580 361 3639 Romana
373 3578 489 3639 colonia
502 3597 569 3637 essa
583 3576 757 3647 meruerint,
768 3597 803 3635 ae
816 3577 957 3636 libentius
968 3579 1077 3653 Agrip·

124 3677 253 3752 pinenses
278 3675 440 3736 conditoris
470 3675 516 3734 sui
542 3674 662 3735 nomine
683 3687 840 3742 -vocentur,
867 3674 982 3752 origine
1011 3693 1078 3731 eru·
1159 3659 1172 3677 ⁸
