2400 4290
122 238 164 298 88
411 258 438 298 c.
462 258 634 301 conuentus
657 259 801 305 racrrus.

638 325 651 349 θ

122 387 301 446 successoris
319 408 421 446 curam
437 370 606 468 famamqite
624 393 779 462 obruisset,
797 392 934 451 sustinuit
955 415 1072 472 quoque
1163 380 1169 396 ’

120 486 234 551 molem¹
253 483 354 541 Julius
376 485 545 557 Frontinus,
566 489 611 543 vir
635 508 768 566 magnus,
788 501 931 564 quantum
955 491 1071 563 licebat,

119 578 307 657 validamque
326 592 357 638 et
374 601 541 659 pugnacem
556 583 686 642 Silurum
704 597 823 663 gentem
840 585 929 643 armis
944 587 1070 664 subegit,

65 728 68 733 .
119 679 210 752 super
218 676 358 734 virtutem
370 678 499 736 hostium
512 680 646 738 locorum
660 700 779 758 quoque
790 680 976 740 difficultates
990 684 1070 741 eluc-

118 781 205 831 tatus.
804 839 807 843 ,

157 865 278 925 XVIII.
307 868 401 927 Hunc
424 869 587 930 Britanniae
611 884 728 942 statum,
749 873 804 931 has
826 872 972 931 bellorum
992 874 1072 932 vices

118 963 220 1021 media
235 965 300 1042 jam
320 978 424 1025 aestate
446 978 646 1045 transgressus
663 967 806 1046 Agricola
822 968 941 1039 invenit,
956 989 1025 1026 cum
1042 981 1073 1026 et

118 1061 236 1130 milites,
247 1064 330 1120 velut
343 1064 450 1122 omissa
460 1064 660 1141 expeditione,
673 1065 710 1121 ad
722 1064 919 1131 securitatem,
929 1076 959 1122 et
969 1066 1072 1123 hostes

118 1156 156 1214 ad
181 1158 379 1228 occasionem,
400 1172 596 1217 verterentur.
650 1159 832 1217 Ordovicum
860 1160 965 1219 civitas
991 1161 1072 1218 haud

117 1253 212 1309 multo
230 1264 296 1309 ante
315 1253 516 1311 adventum
490 1274 563 1331 ejus,
582 1254 683 1312 alam
675 1274 706 1310 m
722 1254 829 1311 finibus
846 1254 906 1311 suis
923 1267 1070 1331 agentern,

117 1365 212 1423 prope
229 1347 396 1404 universam
416 1348 593 1406 obtriverat·
618 1369 714 1425 eoque
734 1348 818 1406 initio
839 1362 939 1406 erecta
955 1350 1071 1426 provin·

98 1442 101 1447 ’
118 1440 172 1510 cia,
187 1454 220 1498 ut
237 1441 344 1518 quibus
358 1428 469 1500 bellum
482 1444 650 1501 volentibus
669 1456 740 1512 erat,
755 1445 880 1521 probare
898 1446 1071 1522 exemplum

117 1550 168 1595 aut
188 1539 318 1596 recentis
339 1539 429 1616 legati
453 1538 585 1597 animum
607 1539 749 1617 opperiri.
791 1538 871 1596 Tum
887 1539 1071 1617 Agricola-

117 1653 298 1712 quamquam
312 1646 461 1693 transacta
474 1647 570 1705 aestas,
581 1634 676 1714 sparsi
687 1655 743 1713 per
752 1634 933 1713 provinciam
944 1636 1071 1705 numeri,

116 1744 277 1807 praesumta
298 1730 379 1810 apud
397 1731 520 1789 militem
541 1731 621 1788 illius
644 1730 712 1789 anni
728 1731 814 1808 quies
835 1728 934 1808 (tarda
954 1743 984 1788 et
1006 1751 1072 1789 con-

116 1824 208 1885 traria
224 1828 338 1885 bellum
353 1827 547 1904 inchoaturo),
562 1839 594 1886 et
606 1827 758 1905 plerisque
775 1826 918 1885 custodiri
934 1839 1073 1904 suspects

115 1925 215 2003 potius
241 1926 497 1984 ridebatur-ire
525 1925 643 1983 obviam
668 1923 829 1982 discrimini
856 1922 972 1993 statuit,
1005 1942 1072 1980 cou-

116 2021 279 2097 tractisque
293 2021 448 2098 legionum
462 2019 579 2079 vexillis
596 2031 627 2076 et
643 2017 760 2076 modica
777 2018 957 2077 auxiliorum
970 2038 1071 2088 manu,

117 2116 186 2192 quia
199 2115 230 2171 in
243 2135 360 2192 aequum
371 2114 494 2193 degredi
504 2113 667 2172 Ordovices
680 2134 740 2171 non
755 2112 914 2183 audebant,
922 2113 988 2191 ipse
1002 2127 1070 2171 ante

83 2272 87 2278 ,
117 2229 235 2287 agmen,
246 2230 304 2286 quo
319 2210 427 2267 ceteris
437 2229 492 2288 par
503 2209 617 2266 animus
628 2208 717 2265 simili
728 2208 864 2286 periculo
875 2221 962 2278 esset,
974 2208 1071 2266 erexit

116 2305 228 2376 aciem3
256 2325 388 2382 oaesaque
407 2325 500 2383 prope
522 2304 662 2361 universa
685 2316 783 2381 gente,
800 2323 859 2361 non
881 2304 1011 2381 ignarus,
1028 2304 1065 2360 in

116 2399 253 2459 standum
267 2400 364 2470 famae,
379 2420 424 2470 ac,
439 2412 527 2479 prout
543 2399 642 2478 prima
659 2399 825 2470 cessissent,
839 2399 905 2458 fore
922 2399 1069 2470 universa,

118 2496 240 2554 Monam
253 2495 382 2554 insulam
400 2495 498 2574 (cujus
516 2495 702 2574 possessione
722 2507 892 2554 revocatum
910 2494 1071 2553 Paulinum

115 2592 281 2651 rebellione
297 2591 389 2651 totius
400 2591 562 2650 Britanniae
578 2611 669 2670 supra
685 2591 859 2669 memoravi)
882 2591 1022 2670 redigere
1038 2591 1071 2649 in

115 2701 292 2768 potestatem
315 2689 415 2748 auimo
435 2687 570 2748 intendit.
597 2686 687 2756 ‘Sed,
705 2700 738 2746 ut
757 2688 789 2745 in
808 2687 907 2747 dubiis
929 2688 1069 2757 consiliis,

116 2804 209 2843 naves
220 2784 360 2856 deerant;
382 2785 459 2844 ratio
473 2797 504 2842 et
517 2784 684 2842 constantia
694 2783 779 2841 ducis
793 2784 966 2854 transvexit.
1008 2784 1070 2842 De·

116 2879 219 2957 positis
241 2880 378 2937 omnibus
400 2879 531 2949 sarcinis,
547 2879 724 2937 lectissimos
748 2878 947 2951 auniliarium,
963 2879 1071 2956 quibus

115 2985 187 3031 nota
200 2972 276 3030 vada
293 2986 324 3031 et
337 2974 451 3051 patrius
463 2973 553 3032 nandi
567 2992 648 3040 usus,
662 2991 721 3049 quo
735 2973 823 3030 simul
837 2992 931 3049 seque
945 2985 975 3031 et
989 2993 1071 3031 arma

39 3068 45 3081 ¹
117 3079 149 3124 et
158 3086 253 3143 equos
263 3079 381 3144 regunt,
390 3067 562 3145 itarepente
570 3066 701 3135 immisit,
710 3078 744 3123 ut
753 3065 952 3144 obstupefacti
960 3066 1069 3137 hostes,

117 3161 168 3238 qui
184 3162 320 3231 classem,
335 3161 386 3239 qui
405 3180 506 3229 naves,
520 3160 571 3237 qni
592 3180 674 3219 mare
696 3161 917 3239 exspectabant,
935 3162 1008 3219 nibil
1027 3183 1071 3221 ar-

81 3250 84 3255 *
117 3257 209 3316 duum
227 3268 279 3316 aut
291 3258 433 3316 invictum
447 3256 627 3315 crediderint
640 3256 683 3315 sic
698 3255 735 3315 ad
747 3257 861 3315 bellum
874 3257 1070 3318 venientibus.

49 3342 57 3349 ¹
118 3355 166 3413 Ita
179 3355 272 3434 petita
285 3374 360 3434 pace
377 3375 412 3414 ac
425 3353 525 3412 dedita
538 3355 644 3424 insula,
658 3356 758 3414 clarus
775 3375 809 3414 ac
825 3376 950 3434 magnus
966 3358 1071 3416 baberi

118 3451 269 3529 Agricola,
280 3451 389 3530 quippe
403 3450 452 3510 cui
464 3449 644 3529 ingredienti
658 3451 851 3530 provinciam,
863 3451 942 3529 quod
952 3465 1072 3533 tempus

119 3546 170 3604 alii
182 3566 239 3626 per
251 3549 485 3616 ostentationem,
498 3559 548 3606 aut
564 3546 727 3606 officiorum
741 3548 886 3606 ambitum
899 3549 1071 3627 transigunt,

119 3641 204 3701 labor
217 3656 247 3703 et
260 3645 425 3722 periculum
435 3645 601 3724 placuisset.
642 3644 709 3704 Nec
721 3646 864 3724 Agricola
874 3647 1072 3726 prosperitate
