<?xml version="1.0" encoding="UTF-8"?>
<!DOCTYPE html PUBLIC "-//W3C//DTD XHTML 1.0 Transitional//EN"
    "http://www.w3.org/TR/xhtml1/DTD/xhtml1-transitional.dtd">
<html xmlns="http://www.w3.org/1999/xhtml" xml:lang="en" lang="en">
 <head>
  <title>
</title>
<meta http-equiv="Content-Type" content="text/html;charset=utf-8" />
  <meta name='ocr-system' content='tesseract 3.04.00' />
  <meta name='ocr-capabilities' content='ocr_page ocr_carea ocr_par ocr_line ocrx_word'/>
</head>
<body>
  <div class='ocr_page' id='page_1' title='image "./germaniaandagri00boetgoog_0067.png"; bbox 0 0 2400 4290; ppageno 0'>
   <div class='ocr_carea' id='block_1_1' title="bbox 409 277 834 349">
    <p class='ocr_par' dir='ltr' id='par_1_1' title="bbox 409 277 834 349">
     <span class='ocr_line' id='line_1_1' title="bbox 409 277 834 349; baseline -0.009 -27"><span class='ocrx_word' id='word_1_1' title='bbox 409 282 438 321; x_wconf 78' lang='lat' dir='ltr'><strong>O·</strong></span> <span class='ocrx_word' id='word_1_2' title='bbox 457 277 654 333; x_wconf 64' lang='lat' dir='ltr'><strong>contentae·</strong></span> <span class='ocrx_word' id='word_1_3' title='bbox 649 277 834 349; x_wconf 55' lang='lat' dir='ltr'><strong>³1¹3⁴01T</strong></span> 
     </span>
    </p>
   </div>
   <div class='ocr_carea' id='block_1_2' title="bbox 1 269 1081 490">
    <p class='ocr_par' dir='ltr' id='par_1_2' title="bbox 39 278 1081 490">
     <span class='ocr_line' id='line_1_2' title="bbox 754 278 773 320; baseline 0 0"><span class='ocrx_word' id='word_1_4' title='bbox 754 278 773 320; x_wconf 86' lang='lat' dir='ltr'><strong>u</strong></span> 
     </span>
     <span class='ocr_line' id='line_1_3' title="bbox 1 269 1081 490; baseline 0.028 -21.058"><span class='ocrx_word' id='word_1_5' title='bbox 1 311 89 440; x_wconf 47' lang='lat' dir='ltr'><strong>illm</strong></span> <span class='ocrx_word' id='word_1_6' title='bbox 90 269 253 476; x_wconf 43' lang='lat' dir='ltr'><strong>&#39;23ssss</strong></span> <span class='ocrx_word' id='word_1_7' title='bbox 274 412 361 473; x_wconf 91' lang='lat' dir='ltr'><strong>Nihil</strong></span> <span class='ocrx_word' id='word_1_8' title='bbox 384 352 766 490; x_wconf 36' lang='lat' dir='ltr'><strong>tutamine&#39;qubfflpnbhcae</strong></span> <span class='ocrx_word' id='word_1_9' title='bbox 741 279 1081 490; x_wconf 36' lang='lat' dir='ltr'><strong>Zigdssiiffiffl’</strong></span> 
     </span>
    </p>
   </div>
   <div class='ocr_carea' id='block_1_3' title="bbox 113 507 1088 781">
    <p class='ocr_par' dir='ltr' id='par_1_3' title="bbox 113 507 1080 781">
     <span class='ocr_line' id='line_1_4' title="bbox 122 507 1080 588; baseline -0.006 -16"><span class='ocrx_word' id='word_1_10' title='bbox 122 513 178 573; x_wconf 90' lang='lat' dir='ltr'><strong>nisi</strong></span> <span class='ocrx_word' id='word_1_11' title='bbox 195 511 299 570; x_wconf 88' lang='lat' dir='ltr'><strong>armati</strong></span> <span class='ocrx_word' id='word_1_12' title='bbox 316 522 417 588; x_wconf 85' lang='lat' dir='ltr'><strong>agunt.</strong></span> <span class='ocrx_word' id='word_1_13' title='bbox 458 507 520 567; x_wconf 84' lang='lat' dir='ltr'><strong>Sed</strong></span> <span class='ocrx_word' id='word_1_14' title='bbox 538 527 622 565; x_wconf 88' lang='lat' dir='ltr'><strong>arma</strong></span> <span class='ocrx_word' id='word_1_15' title='bbox 641 527 761 565; x_wconf 90' lang='lat' dir='ltr'><strong>sumere</strong></span> <span class='ocrx_word' id='word_1_16' title='bbox 777 507 837 566; x_wconf 86' lang='lat' dir='ltr'><strong>non</strong></span> <span class='ocrx_word' id='word_1_17' title='bbox 855 520 924 565; x_wconf 91' lang='lat' dir='ltr'><strong>ante</strong></span> <span class='ocrx_word' id='word_1_18' title='bbox 941 507 1080 582; x_wconf 85' lang='lat' dir='ltr'><strong>cuiquam</strong></span> 
     </span>
     <span class='ocr_line' id='line_1_5' title="bbox 121 602 1088 685; baseline -0.005 -18"><span class='ocrx_word' id='word_1_19' title='bbox 121 609 224 678; x_wconf 89' lang='lat' dir='ltr'><strong>moris,</strong></span> <span class='ocrx_word' id='word_1_20' title='bbox 235 627 326 685; x_wconf 92' lang='lat' dir='ltr'><strong>quam</strong></span> <span class='ocrx_word' id='word_1_21' title='bbox 339 605 441 664; x_wconf 86' lang='lat' dir='ltr'><strong>civitas</strong></span> <span class='ocrx_word' id='word_1_22' title='bbox 455 604 650 685; x_wconf 80' lang='lat' dir='ltr'><strong>suffecturum</strong></span> <span class='ocrx_word' id='word_1_23' title='bbox 659 602 840 681; x_wconf 83' lang='lat' dir='ltr'><strong>probaverit.</strong></span> <span class='ocrx_word' id='word_1_24' title='bbox 881 603 980 660; x_wconf 84' lang='lat' dir='ltr'><strong>Tum&#39;</strong></span> <span class='ocrx_word' id='word_1_25' title='bbox 972 623 1002 660; x_wconf 89' lang='lat' dir='ltr'><strong>m</strong></span> <span class='ocrx_word' id='word_1_26' title='bbox 1013 603 1088 681; x_wconf 92' lang='lat' dir='ltr'><strong>ipso</strong></span> 
     </span>
     <span class='ocr_line' id='line_1_6' title="bbox 113 678 1080 781; baseline -0.007 -17"><span class='ocrx_word' id='word_1_27' title='bbox 113 704 256 774; x_wconf 79' lang='lat' dir='ltr'><strong>consilio,</strong></span> <span class='ocrx_word' id='word_1_28' title='bbox 270 704 318 761; x_wconf 85' lang='lat' dir='ltr'><strong>vel</strong></span> <span class='ocrx_word' id='word_1_29' title='bbox 332 701 501 781; x_wconf 86' lang='lat' dir='ltr'><strong>principum</strong></span> <span class='ocrx_word' id='word_1_30' title='bbox 519 678 640 778; x_wconf 80' lang='lat' dir='ltr'><strong>aliquib,</strong></span> <span class='ocrx_word' id='word_1_31' title='bbox 647 699 697 756; x_wconf 84' lang='lat' dir='ltr'><strong>vel</strong></span> <span class='ocrx_word' id='word_1_32' title='bbox 710 711 805 777; x_wconf 88' lang='lat' dir='ltr'><strong>pater,</strong></span> <span class='ocrx_word' id='word_1_33' title='bbox 820 698 869 758; x_wconf 83' lang='lat' dir='ltr'><strong>vel</strong></span> <span class='ocrx_word' id='word_1_34' title='bbox 883 698 1080 777; x_wconf 90' lang='lat' dir='ltr'><strong>propinquus,</strong></span> 
     </span>
    </p>
   </div>
   <div class='ocr_carea' id='block_1_4' title="bbox 49 793 1194 3762">
    <p class='ocr_par' dir='ltr' id='par_1_4' title="bbox 32 793 1188 1165">
     <span class='ocr_line' id='line_1_7' title="bbox 121 793 1080 907; baseline -0.006 -49"><span class='ocrx_word' id='word_1_35' title='bbox 121 812 205 858; x_wconf 90' lang='lat' dir='ltr'><strong>scuto</strong></span> <span class='ocrx_word' id='word_1_36' title='bbox 221 797 417 907; x_wconf 82' lang='lat' dir='ltr'><strong>frameaque</strong></span> <span class='ocrx_word' id='word_1_37' title='bbox 404 815 551 876; x_wconf 68' lang='lat' dir='ltr'><strong>juvenem</strong></span> <span class='ocrx_word' id='word_1_38' title='bbox 570 806 682 853; x_wconf 89' lang='lat' dir='ltr'><strong>ornant.</strong></span> <span class='ocrx_word' id='word_1_39' title='bbox 722 794 800 852; x_wconf 84' lang='lat' dir='ltr'><strong>Haec</strong></span> <span class='ocrx_word' id='word_1_40' title='bbox 816 793 896 873; x_wconf 89' lang='lat' dir='ltr'><strong>apud</strong></span> <span class='ocrx_word' id='word_1_41' title='bbox 914 793 981 852; x_wconf 90' lang='lat' dir='ltr'><strong>illos</strong></span> <span class='ocrx_word' id='word_1_42' title='bbox 998 807 1080 872; x_wconf 90' lang='lat' dir='ltr'><strong>toga,</strong></span> 
     </span>
     <span class='ocr_line' id='line_1_8' title="bbox 114 889 1188 974; baseline -0.006 -21"><span class='ocrx_word' id='word_1_43' title='bbox 114 894 299 974; x_wconf 89' lang='lat' dir='ltr'><strong>-hieprimus</strong></span> <span class='ocrx_word' id='word_1_44' title='bbox 309 895 442 972; x_wconf 86' lang='lat' dir='ltr'><strong>juventae</strong></span> <span class='ocrx_word' id='word_1_45' title='bbox 451 892 563 950; x_wconf 89' lang='lat' dir='ltr'><strong>honos.</strong></span> <span class='ocrx_word' id='word_1_46' title='bbox 586 903 653 949; x_wconf 90' lang='lat' dir='ltr'><strong>ante</strong></span> <span class='ocrx_word' id='word_1_47' title='bbox 666 891 723 949; x_wconf 89' lang='lat' dir='ltr'><strong>hoc</strong></span> <span class='ocrx_word' id='word_1_48' title='bbox 733 889 921 969; x_wconf 81' lang='lat' dir='ltr'><strong>domuspara</strong></span> <span class='ocrx_word' id='word_1_49' title='bbox 931 889 1079 961; x_wconf 85' lang='lat' dir='ltr'><strong>videntur,</strong></span> <span class='ocrx_word' id='word_1_50' title='bbox 1158 928 1188 967; x_wconf 45' lang='grc'><strong>,-</strong></span> 
     </span>
     <span class='ocr_line' id='line_1_9' title="bbox 119 981 1194 1107; baseline -0.009 -57.766"><span class='ocrx_word' id='word_1_51' title='bbox 119 1006 193 1050; x_wconf 77' lang='lat' dir='ltr'><strong>mus</strong></span> <span class='ocrx_word' id='word_1_52' title='bbox 212 984 396 1069; x_wconf 75' lang='lat' dir='ltr'><strong>reipublicae.</strong></span> <span class='ocrx_word' id='word_1_53' title='bbox 437 985 568 1066; x_wconf 82' lang='lat' dir='ltr'>Insignis</span> <span class='ocrx_word' id='word_1_54' title='bbox 588 985 738 1056; x_wconf 77' lang='lat' dir='ltr'><strong>nobilitas,</strong></span> <span class='ocrx_word' id='word_1_55' title='bbox 759 997 811 1044; x_wconf 89' lang='lat' dir='ltr'><strong>aut</strong></span> <span class='ocrx_word' id='word_1_56' title='bbox 830 1005 940 1064; x_wconf 82' lang='lat' dir='ltr'><strong>magna</strong></span> <span class='ocrx_word' id='word_1_57' title='bbox 960 981 1194 1107; x_wconf 26' lang='lat' dir='ltr'><strong>patrum33w&#39;13·</strong></span> 
     </span>
     <span class='ocr_line' id='line_1_10' title="bbox 49 1056 1128 1170; baseline -0.007 -24"><span class='ocrx_word' id='word_1_58' title='bbox 49 1086 53 1097; x_wconf 79' lang='grc'><em>“</em></span> <span class='ocrx_word' id='word_1_59' title='bbox 120 1086 238 1157; x_wconf 88' lang='lat' dir='ltr'><strong>merita,</strong></span> <span class='ocrx_word' id='word_1_60' title='bbox 260 1084 403 1170; x_wconf 87' lang='lat' dir='ltr'><strong>principis</strong></span> <span class='ocrx_word' id='word_1_61' title='bbox 425 1083 629 1162; x_wconf 81' lang='lat' dir='ltr'><strong>dignationem</strong></span> <span class='ocrx_word' id='word_1_62' title='bbox 653 1082 745 1141; x_wconf 89' lang='lat' dir='ltr'><strong>etiam</strong></span> <span class='ocrx_word' id='word_1_63' title='bbox 772 1080 1004 1141; x_wconf 81' lang='lat' dir='ltr'><strong>adolescentulis</strong></span> <span class='ocrx_word' id='word_1_64' title='bbox 1028 1056 1128 1167; x_wconf 59' lang='lat' dir='ltr'><strong>ad3ll&#39;</strong></span> 
     </span>
    </p>

    <p class='ocr_par' dir='ltr' id='par_1_5' title="bbox 121 1176 1188 2318">
     <span class='ocr_line' id='line_1_11' title="bbox 121 1176 1164 1261; baseline -0.007 -20"><span class='ocrx_word' id='word_1_65' title='bbox 121 1182 259 1261; x_wconf 79' lang='lat' dir='ltr'><strong>signant:</strong></span> <span class='ocrx_word' id='word_1_66' title='bbox 281 1180 390 1240; x_wconf 79' lang='lat' dir='ltr'><strong>aeterra</strong></span> <span class='ocrx_word' id='word_1_67' title='bbox 402 1178 620 1238; x_wconf 78' lang='lat' dir='ltr'><strong>robustioribus</strong></span> <span class='ocrx_word' id='word_1_68' title='bbox 634 1198 668 1236; x_wconf 92' lang='lat' dir='ltr'><strong>ac</strong></span> <span class='ocrx_word' id='word_1_69' title='bbox 676 1178 740 1257; x_wconf 88' lang='lat' dir='ltr'><strong>jam</strong></span> <span class='ocrx_word' id='word_1_70' title='bbox 753 1176 873 1256; x_wconf 85' lang='lat' dir='ltr'><strong>pridem</strong></span> <span class='ocrx_word' id='word_1_71' title='bbox 884 1177 1015 1256; x_wconf 88' lang='lat' dir='ltr'><strong>probatis</strong></span> <span class='ocrx_word' id='word_1_72' title='bbox 1030 1178 1112 1237; x_wconf 90' lang='lat' dir='ltr'><strong>ad-&#39;·</strong></span> <span class='ocrx_word' id='word_1_73' title='bbox 1136 1182 1164 1243; x_wconf 99' lang='grc' dir='ltr'>Μ</span> 
     </span>
     <span class='ocr_line' id='line_1_12' title="bbox 121 1258 1188 1363; baseline -0.006 -26"><span class='ocrx_word' id='word_1_74' title='bbox 121 1290 309 1357; x_wconf 86' lang='lat' dir='ltr'><strong>gregantur·</strong></span> <span class='ocrx_word' id='word_1_75' title='bbox 338 1295 397 1335; x_wconf 88' lang='lat' dir='ltr'><strong>nec</strong></span> <span class='ocrx_word' id='word_1_76' title='bbox 427 1275 527 1344; x_wconf 91' lang='lat' dir='ltr'><strong>rubor,</strong></span> <span class='ocrx_word' id='word_1_77' title='bbox 546 1274 624 1332; x_wconf 90' lang='lat' dir='ltr'><strong>inter</strong></span> <span class='ocrx_word' id='word_1_78' title='bbox 646 1273 769 1332; x_wconf 84' lang='lat' dir='ltr'><strong>comites</strong></span> <span class='ocrx_word' id='word_1_79' title='bbox 794 1272 918 1363; x_wconf 85' lang='lat' dir='ltr'><strong>adspici.</strong></span> <span class='ocrx_word' id='word_1_80' title='bbox 959 1273 1080 1332; x_wconf 87' lang='lat' dir='ltr'><strong>Gradus</strong></span> <span class='ocrx_word' id='word_1_81' title='bbox 1094 1330 1107 1341; x_wconf 72' lang='grc'><strong>,,</strong></span> <span class='ocrx_word' id='word_1_82' title='bbox 1141 1292 1144 1299; x_wconf 61' lang='lat'><em>⁴</em></span> <span class='ocrx_word' id='word_1_83' title='bbox 1184 1258 1188 1263; x_wconf 70' lang='grc'>’</span> 
     </span>
     <span class='ocr_line' id='line_1_13' title="bbox 121 1348 1081 1453; baseline -0.003 -22"><span class='ocrx_word' id='word_1_84' title='bbox 121 1374 193 1453; x_wconf 91' lang='lat' dir='ltr'><strong>quin</strong></span> <span class='ocrx_word' id='word_1_85' title='bbox 215 1373 306 1432; x_wconf 90' lang='lat' dir='ltr'><strong>etiam</strong></span> <span class='ocrx_word' id='word_1_86' title='bbox 329 1385 360 1430; x_wconf 92' lang='lat' dir='ltr'><strong>et</strong></span> <span class='ocrx_word' id='word_1_87' title='bbox 382 1371 447 1450; x_wconf 90' lang='lat' dir='ltr'><strong>ipse</strong></span> <span class='ocrx_word' id='word_1_88' title='bbox 470 1371 627 1429; x_wconf 89' lang='lat' dir='ltr'><strong>comitatus</strong></span> <span class='ocrx_word' id='word_1_89' title='bbox 647 1371 748 1439; x_wconf 89' lang='lat' dir='ltr'><strong>habet,</strong></span> <span class='ocrx_word' id='word_1_90' title='bbox 762 1348 926 1448; x_wconf 39' lang='lat' dir='ltr'><strong>judieii*</strong></span> <span class='ocrx_word' id='word_1_91' title='bbox 898 1390 973 1449; x_wconf 77' lang='lat' dir='ltr'><strong>ejus,</strong></span> <span class='ocrx_word' id='word_1_92' title='bbox 991 1390 1081 1448; x_wconf 91' lang='lat' dir='ltr'><strong>quem</strong></span> 
     </span>
     <span class='ocr_line' id='line_1_14' title="bbox 121 1465 1081 1547; baseline -0.005 -18"><span class='ocrx_word' id='word_1_93' title='bbox 121 1482 287 1529; x_wconf 81' lang='lat' dir='ltr'><strong>sectamur·</strong></span> <span class='ocrx_word' id='word_1_94' title='bbox 303 1487 473 1547; x_wconf 85' lang='lat' dir='ltr'><strong>magnaque</strong></span> <span class='ocrx_word' id='word_1_95' title='bbox 481 1479 513 1525; x_wconf 89' lang='lat' dir='ltr'><strong>at</strong></span> <span class='ocrx_word' id='word_1_96' title='bbox 522 1466 666 1524; x_wconf 76' lang='lat' dir='ltr'><strong>comitum</strong></span> <span class='ocrx_word' id='word_1_97' title='bbox 676 1466 839 1537; x_wconf 80' lang='lat' dir='ltr'><strong>aemulatro,</strong></span> <span class='ocrx_word' id='word_1_98' title='bbox 848 1465 957 1544; x_wconf 83' lang='lat' dir='ltr'><strong>qurbus</strong></span> <span class='ocrx_word' id='word_1_99' title='bbox 965 1486 1081 1545; x_wconf 77' lang='lat' dir='ltr'><strong>primus</strong></span> 
     </span>
     <span class='ocr_line' id='line_1_15' title="bbox 122 1561 1082 1657; baseline -0.004 -33"><span class='ocrx_word' id='word_1_100' title='bbox 122 1564 206 1645; x_wconf 90' lang='lat' dir='ltr'><strong>apud</strong></span> <span class='ocrx_word' id='word_1_101' title='bbox 215 1563 381 1644; x_wconf 87' lang='lat' dir='ltr'><strong>prinoipem</strong></span> <span class='ocrx_word' id='word_1_102' title='bbox 394 1583 483 1622; x_wconf 91' lang='lat' dir='ltr'><strong>suum</strong></span> <span class='ocrx_word' id='word_1_103' title='bbox 496 1564 598 1657; x_wconf 78' lang='lat' dir='ltr'><strong>lpeus3</strong></span> <span class='ocrx_word' id='word_1_104' title='bbox 619 1575 651 1621; x_wconf 89' lang='lat' dir='ltr'><strong>et</strong></span> <span class='ocrx_word' id='word_1_105' title='bbox 664 1561 843 1642; x_wconf 85' lang='lat' dir='ltr'><strong>principum,</strong></span> <span class='ocrx_word' id='word_1_106' title='bbox 857 1562 906 1621; x_wconf 91' lang='lat' dir='ltr'><strong>eui</strong></span> <span class='ocrx_word' id='word_1_107' title='bbox 920 1561 1040 1641; x_wconf 87' lang='lat' dir='ltr'><strong>plurimi</strong></span> <span class='ocrx_word' id='word_1_108' title='bbox 1051 1574 1082 1620; x_wconf 88' lang='lat' dir='ltr'><strong>et</strong></span> 
     </span>
     <span class='ocr_line' id='line_1_16' title="bbox 122 1659 1082 1739; baseline -0.006 -17"><span class='ocrx_word' id='word_1_109' title='bbox 122 1662 259 1724; x_wconf 83' lang='lat' dir='ltr'><strong>acerrimi</strong></span> <span class='ocrx_word' id='word_1_110' title='bbox 270 1662 403 1722; x_wconf 89' lang='lat' dir='ltr'><strong>comites.</strong></span> <span class='ocrx_word' id='word_1_111' title='bbox 443 1662 522 1720; x_wconf 88' lang='lat' dir='ltr'><strong>Haec</strong></span> <span class='ocrx_word' id='word_1_112' title='bbox 533 1659 670 1739; x_wconf 85' lang='lat' dir='ltr'><strong>dignitas,</strong></span> <span class='ocrx_word' id='word_1_113' title='bbox 681 1661 728 1718; x_wconf 88' lang='lat' dir='ltr'><strong>hae</strong></span> <span class='ocrx_word' id='word_1_114' title='bbox 738 1659 826 1729; x_wconf 86' lang='lat' dir='ltr'><strong>vires,</strong></span> <span class='ocrx_word' id='word_1_115' title='bbox 837 1679 947 1737; x_wconf 85' lang='lat' dir='ltr'><strong>magno</strong></span> <span class='ocrx_word' id='word_1_116' title='bbox 961 1679 1082 1737; x_wconf 89' lang='lat' dir='ltr'><strong>semper</strong></span> 
     </span>
     <span class='ocr_line' id='line_1_17' title="bbox 122 1755 1081 1838; baseline -0.007 -19"><span class='ocrx_word' id='word_1_117' title='bbox 122 1760 286 1819; x_wconf 87' lang='lat' dir='ltr'><strong>electorum</strong></span> <span class='ocrx_word' id='word_1_118' title='bbox 304 1760 452 1838; x_wconf 85' lang='lat' dir='ltr'><strong>juvenum</strong></span> <span class='ocrx_word' id='word_1_119' title='bbox 473 1758 564 1837; x_wconf 88' lang='lat' dir='ltr'><strong>globo</strong></span> <span class='ocrx_word' id='word_1_120' title='bbox 586 1756 773 1826; x_wconf 89' lang='lat' dir='ltr'><strong>circumdari,</strong></span> <span class='ocrx_word' id='word_1_121' title='bbox 788 1755 818 1814; x_wconf 93' lang='lat' dir='ltr'><strong>in</strong></span> <span class='ocrx_word' id='word_1_122' title='bbox 839 1776 915 1834; x_wconf 88' lang='lat' dir='ltr'><strong>pace</strong></span> <span class='ocrx_word' id='word_1_123' title='bbox 935 1755 1081 1826; x_wconf 83' lang='lat' dir='ltr'><strong>decus,in</strong></span> 
     </span>
     <span class='ocr_line' id='line_1_18' title="bbox 121 1850 1081 1936; baseline -0.006 -21"><span class='ocrx_word' id='word_1_124' title='bbox 121 1856 203 1915; x_wconf 93' lang='lat' dir='ltr'><strong>bello</strong></span> <span class='ocrx_word' id='word_1_125' title='bbox 223 1856 404 1936; x_wconf 74' lang='lat' dir='ltr'><strong>praesidium.</strong></span> <span class='ocrx_word' id='word_1_126' title='bbox 444 1855 513 1914; x_wconf 92' lang='lat' dir='ltr'><strong>Nec</strong></span> <span class='ocrx_word' id='word_1_127' title='bbox 533 1855 631 1913; x_wconf 89' lang='lat' dir='ltr'><strong>solum</strong></span> <span class='ocrx_word' id='word_1_128' title='bbox 651 1854 683 1911; x_wconf 90' lang='lat' dir='ltr'><strong>in</strong></span> <span class='ocrx_word' id='word_1_129' title='bbox 702 1856 757 1912; x_wconf 81' lang='lat' dir='ltr'><strong>sira</strong></span> <span class='ocrx_word' id='word_1_130' title='bbox 779 1866 869 1931; x_wconf 87' lang='lat' dir='ltr'><strong>gente</strong></span> <span class='ocrx_word' id='word_1_131' title='bbox 889 1853 1008 1930; x_wconf 91' lang='lat' dir='ltr'><strong>cuique,</strong></span> <span class='ocrx_word' id='word_1_132' title='bbox 1026 1850 1081 1909; x_wconf 90' lang='lat' dir='ltr'><strong>sed</strong></span> 
     </span>
     <span class='ocr_line' id='line_1_19' title="bbox 123 1947 1081 2031; baseline -0.008 -20"><span class='ocrx_word' id='word_1_133' title='bbox 123 1951 203 2031; x_wconf 88' lang='lat' dir='ltr'><strong>apud</strong></span> <span class='ocrx_word' id='word_1_134' title='bbox 217 1952 356 2011; x_wconf 91' lang='lat' dir='ltr'><strong>finitimas</strong></span> <span class='ocrx_word' id='word_1_135' title='bbox 370 1972 488 2030; x_wconf 90' lang='lat' dir='ltr'><strong>quoque</strong></span> <span class='ocrx_word' id='word_1_136' title='bbox 502 1950 635 2010; x_wconf 89' lang='lat' dir='ltr'><strong>civitates</strong></span> <span class='ocrx_word' id='word_1_137' title='bbox 648 1949 681 2008; x_wconf 94' lang='lat' dir='ltr'><strong>id</strong></span> <span class='ocrx_word' id='word_1_138' title='bbox 691 1969 812 2018; x_wconf 87' lang='lat' dir='ltr'><strong>nomen,</strong></span> <span class='ocrx_word' id='word_1_139' title='bbox 828 1969 865 2008; x_wconf 89' lang='lat' dir='ltr'><strong>ea</strong></span> <span class='ocrx_word' id='word_1_140' title='bbox 881 1949 974 2027; x_wconf 86' lang='lat' dir='ltr'><strong>gloria</strong></span> <span class='ocrx_word' id='word_1_141' title='bbox 988 1961 1042 2016; x_wconf 90' lang='lat' dir='ltr'><strong>est,</strong></span> <span class='ocrx_word' id='word_1_142' title='bbox 1056 1947 1081 2004; x_wconf 92' lang='lat' dir='ltr'><strong>si</strong></span> 
     </span>
     <span class='ocr_line' id='line_1_20' title="bbox 122 2044 1081 2124; baseline -0.005 -19"><span class='ocrx_word' id='word_1_143' title='bbox 122 2066 249 2105; x_wconf 89' lang='lat' dir='ltr'><strong>numero</strong></span> <span class='ocrx_word' id='word_1_144' title='bbox 269 2067 304 2106; x_wconf 90' lang='lat' dir='ltr'><strong>ac</strong></span> <span class='ocrx_word' id='word_1_145' title='bbox 324 2048 432 2107; x_wconf 84' lang='lat' dir='ltr'><strong>virtute</strong></span> <span class='ocrx_word' id='word_1_146' title='bbox 453 2047 609 2106; x_wconf 86' lang='lat' dir='ltr'><strong>comitatus</strong></span> <span class='ocrx_word' id='word_1_147' title='bbox 630 2045 777 2104; x_wconf 86' lang='lat' dir='ltr'><strong>emineat:</strong></span> <span class='ocrx_word' id='word_1_148' title='bbox 798 2057 981 2124; x_wconf 88' lang='lat' dir='ltr'><strong>expetuntur</strong></span> <span class='ocrx_word' id='word_1_149' title='bbox 1002 2044 1081 2102; x_wconf 89' lang='lat' dir='ltr'><strong>enim</strong></span> 
     </span>
     <span class='ocr_line' id='line_1_21' title="bbox 121 2142 1081 2222; baseline -0.003 -21"><span class='ocrx_word' id='word_1_150' title='bbox 121 2142 332 2222; x_wconf 80' lang='lat' dir='ltr'><strong>legationibus,</strong></span> <span class='ocrx_word' id='word_1_151' title='bbox 350 2156 382 2202; x_wconf 91' lang='lat' dir='ltr'><strong>et</strong></span> <span class='ocrx_word' id='word_1_152' title='bbox 401 2142 576 2200; x_wconf 91' lang='lat' dir='ltr'><strong>muneribus</strong></span> <span class='ocrx_word' id='word_1_153' title='bbox 597 2154 747 2212; x_wconf 87' lang='lat' dir='ltr'><strong>ornantur,</strong></span> <span class='ocrx_word' id='word_1_154' title='bbox 764 2154 796 2200; x_wconf 92' lang='lat' dir='ltr'><strong>et</strong></span> <span class='ocrx_word' id='word_1_155' title='bbox 816 2142 884 2222; x_wconf 88' lang='lat' dir='ltr'><strong>ipsa</strong></span> <span class='ocrx_word' id='word_1_156' title='bbox 903 2143 1081 2221; x_wconf 91' lang='lat' dir='ltr'><strong>plerumque</strong></span> 
     </span>
     <span class='ocr_line' id='line_1_22' title="bbox 122 2237 478 2318; baseline -0.003 -20"><span class='ocrx_word' id='word_1_157' title='bbox 122 2237 203 2298; x_wconf 83' lang='lat' dir='ltr'><strong>fama</strong></span> <span class='ocrx_word' id='word_1_158' title='bbox 215 2239 297 2298; x_wconf 92' lang='lat' dir='ltr'><strong>bella</strong></span> <span class='ocrx_word' id='word_1_159' title='bbox 308 2239 478 2318; x_wconf 85' lang='lat' dir='ltr'><strong>profligant.</strong></span> 
     </span>
    </p>

    <p class='ocr_par' dir='ltr' id='par_1_6' title="bbox 96 2332 1081 2513">
     <span class='ocr_line' id='line_1_23' title="bbox 96 2332 1081 2414; baseline -0.004 -20"><span class='ocrx_word' id='word_1_160' title='bbox 96 2366 113 2378; x_wconf 34' lang='grc' dir='ltr'><strong>ι·</strong></span> <span class='ocrx_word' id='word_1_161' title='bbox 162 2335 252 2396; x_wconf 86' lang='lat' dir='ltr'>XIV.</span> <span class='ocrx_word' id='word_1_162' title='bbox 278 2335 358 2395; x_wconf 84' lang='lat' dir='ltr'><strong>Cum</strong></span> <span class='ocrx_word' id='word_1_163' title='bbox 379 2346 502 2394; x_wconf 85' lang='lat' dir='ltr'><strong>ventum</strong></span> <span class='ocrx_word' id='word_1_164' title='bbox 523 2334 555 2393; x_wconf 89' lang='lat' dir='ltr'><strong>in</strong></span> <span class='ocrx_word' id='word_1_165' title='bbox 577 2334 682 2405; x_wconf 87' lang='lat' dir='ltr'><strong>aciem,</strong></span> <span class='ocrx_word' id='word_1_166' title='bbox 704 2347 793 2414; x_wconf 83' lang='lat' dir='ltr'><strong>turpe</strong></span> <span class='ocrx_word' id='word_1_167' title='bbox 815 2332 942 2413; x_wconf 87' lang='lat' dir='ltr'><strong>principi</strong></span> <span class='ocrx_word' id='word_1_168' title='bbox 973 2333 1081 2393; x_wconf 83' lang='lat' dir='ltr'><strong>virtute</strong></span> 
     </span>
     <span class='ocr_line' id='line_1_24' title="bbox 111 2431 1081 2513; baseline -0.002 -23"><span class='ocrx_word' id='word_1_169' title='bbox 111 2431 211 2502; x_wconf 80' lang='lat' dir='ltr'><strong>-vinci,</strong></span> <span class='ocrx_word' id='word_1_170' title='bbox 225 2443 314 2511; x_wconf 86' lang='lat' dir='ltr'><strong>turpe</strong></span> <span class='ocrx_word' id='word_1_171' title='bbox 335 2431 489 2490; x_wconf 87' lang='lat' dir='ltr'><strong>comitatui</strong></span> <span class='ocrx_word' id='word_1_172' title='bbox 512 2431 652 2490; x_wconf 85' lang='lat' dir='ltr'><strong>virtutem</strong></span> <span class='ocrx_word' id='word_1_173' title='bbox 669 2431 813 2513; x_wconf 88' lang='lat' dir='ltr'><strong>principis</strong></span> <span class='ocrx_word' id='word_1_174' title='bbox 833 2452 894 2490; x_wconf 91' lang='lat' dir='ltr'><strong>non</strong></span> <span class='ocrx_word' id='word_1_175' title='bbox 915 2431 1081 2508; x_wconf 84' lang='lat' dir='ltr'><strong>adaequare.</strong></span> 
     </span>
    </p>

    <p class='ocr_par' dir='ltr' id='par_1_7' title="bbox 123 2526 1082 3762">
     <span class='ocr_line' id='line_1_25' title="bbox 123 2526 1082 2607; baseline -0.004 -19"><span class='ocrx_word' id='word_1_176' title='bbox 123 2528 146 2588; x_wconf 88' lang='lat' dir='ltr'><strong>J</strong></span> <span class='ocrx_word' id='word_1_177' title='bbox 147 2548 195 2588; x_wconf 90' lang='lat' dir='ltr'><strong>am</strong></span> <span class='ocrx_word' id='word_1_178' title='bbox 205 2547 277 2588; x_wconf 72' lang='lat' dir='ltr'><strong>vero</strong></span> <span class='ocrx_word' id='word_1_179' title='bbox 290 2528 401 2588; x_wconf 88' lang='lat' dir='ltr'><strong>infame</strong></span> <span class='ocrx_word' id='word_1_180' title='bbox 414 2527 446 2586; x_wconf 88' lang='lat' dir='ltr'><strong>in</strong></span> <span class='ocrx_word' id='word_1_181' title='bbox 457 2548 579 2586; x_wconf 90' lang='lat' dir='ltr'><strong>omnem</strong></span> <span class='ocrx_word' id='word_1_182' title='bbox 588 2528 680 2587; x_wconf 86' lang='lat' dir='ltr'><strong>vitam</strong></span> <span class='ocrx_word' id='word_1_183' title='bbox 695 2548 729 2587; x_wconf 89' lang='lat' dir='ltr'><strong>ac</strong></span> <span class='ocrx_word' id='word_1_184' title='bbox 742 2528 927 2607; x_wconf 85' lang='lat' dir='ltr'><strong>probrosum,</strong></span> <span class='ocrx_word' id='word_1_185' title='bbox 939 2526 1082 2605; x_wconf 89' lang='lat' dir='ltr'><strong>supersti-</strong></span> 
     </span>
     <span class='ocr_line' id='line_1_26' title="bbox 123 2616 1080 2706; baseline -0.004 -22"><span class='ocrx_word' id='word_1_186' title='bbox 123 2637 185 2684; x_wconf 86' lang='lat' dir='ltr'><strong>tem</strong></span> <span class='ocrx_word' id='word_1_187' title='bbox 205 2625 333 2706; x_wconf 86' lang='lat' dir='ltr'><strong>principi</strong></span> <span class='ocrx_word' id='word_1_188' title='bbox 354 2646 411 2685; x_wconf 91' lang='lat' dir='ltr'><strong>suo</strong></span> <span class='ocrx_word' id='word_1_189' title='bbox 432 2616 472 2684; x_wconf 85' lang='lat' dir='ltr'><strong>ex</strong></span> <span class='ocrx_word' id='word_1_190' title='bbox 494 2625 559 2686; x_wconf 89' lang='lat' dir='ltr'><strong>acie</strong></span> <span class='ocrx_word' id='word_1_191' title='bbox 580 2624 751 2685; x_wconf 88' lang='lat' dir='ltr'><strong>recessisse.</strong></span> <span class='ocrx_word' id='word_1_192' title='bbox 792 2625 884 2683; x_wconf 89' lang='lat' dir='ltr'><strong>Illum</strong></span> <span class='ocrx_word' id='word_1_193' title='bbox 906 2621 1080 2691; x_wconf 84' lang='lat' dir='ltr'><strong>defendere,</strong></span> 
     </span>
     <span class='ocr_line' id='line_1_27' title="bbox 123 2719 1081 2801; baseline -0.004 -21"><span class='ocrx_word' id='word_1_194' title='bbox 123 2720 213 2793; x_wconf 88' lang='lat' dir='ltr'><strong>tueri,</strong></span> <span class='ocrx_word' id='word_1_195' title='bbox 226 2742 282 2782; x_wconf 86' lang='lat' dir='ltr'><strong>sua</strong></span> <span class='ocrx_word' id='word_1_196' title='bbox 298 2742 418 2801; x_wconf 93' lang='lat' dir='ltr'><strong>quoque</strong></span> <span class='ocrx_word' id='word_1_197' title='bbox 431 2722 519 2782; x_wconf 88' lang='lat' dir='ltr'><strong>fortia</strong></span> <span class='ocrx_word' id='word_1_198' title='bbox 531 2721 608 2782; x_wconf 84' lang='lat' dir='ltr'><strong>facta</strong></span> <span class='ocrx_word' id='word_1_199' title='bbox 624 2721 725 2801; x_wconf 75' lang='lat' dir='ltr'><strong>gloriae</strong></span> <span class='ocrx_word' id='word_1_200' title='bbox 742 2721 808 2801; x_wconf 90' lang='lat' dir='ltr'><strong>ejus</strong></span> <span class='ocrx_word' id='word_1_201' title='bbox 824 2719 993 2799; x_wconf 79' lang='lat' dir='ltr'><strong>adsignare,</strong></span> <span class='ocrx_word' id='word_1_202' title='bbox 1005 2739 1081 2799; x_wconf 88' lang='lat' dir='ltr'><strong>prae-</strong></span> 
     </span>
     <span class='ocr_line' id='line_1_28' title="bbox 124 2816 1080 2898; baseline -0.003 -22"><span class='ocrx_word' id='word_1_203' title='bbox 124 2816 536 2896; x_wconf 87' lang='lat' dir='ltr'><strong>eipuumsaeramentumest.</strong></span> <span class='ocrx_word' id='word_1_204' title='bbox 571 2819 729 2898; x_wconf 89' lang='lat' dir='ltr'><strong>Principes</strong></span> <span class='ocrx_word' id='word_1_205' title='bbox 738 2838 793 2896; x_wconf 92' lang='lat' dir='ltr'><strong>pro</strong></span> <span class='ocrx_word' id='word_1_206' title='bbox 801 2817 924 2876; x_wconf 87' lang='lat' dir='ltr'><strong>victoria</strong></span> <span class='ocrx_word' id='word_1_207' title='bbox 932 2828 1080 2895; x_wconf 84' lang='lat' dir='ltr'><strong>pugnant3</strong></span> 
     </span>
     <span class='ocr_line' id='line_1_29' title="bbox 124 2911 1082 2992; baseline 0.002 -24"><span class='ocrx_word' id='word_1_208' title='bbox 124 2911 249 2969; x_wconf 83' lang='lat' dir='ltr'><strong>comites</strong></span> <span class='ocrx_word' id='word_1_209' title='bbox 264 2932 321 2990; x_wconf 90' lang='lat' dir='ltr'><strong>pro</strong></span> <span class='ocrx_word' id='word_1_210' title='bbox 338 2913 494 2992; x_wconf 80' lang='lat' dir='ltr'><strong>principe.&#39;</strong></span> <span class='ocrx_word' id='word_1_211' title='bbox 523 2914 557 2972; x_wconf 91' lang='lat' dir='ltr'><strong>Si</strong></span> <span class='ocrx_word' id='word_1_212' title='bbox 574 2913 685 2983; x_wconf 82' lang='lat' dir='ltr'><strong>civitas,</strong></span> <span class='ocrx_word' id='word_1_213' title='bbox 700 2913 731 2970; x_wconf 91' lang='lat' dir='ltr'><strong>in</strong></span> <span class='ocrx_word' id='word_1_214' title='bbox 748 2933 808 2989; x_wconf 91' lang='lat' dir='ltr'><strong>qua</strong></span> <span class='ocrx_word' id='word_1_215' title='bbox 824 2911 880 2970; x_wconf 81' lang='lat' dir='ltr'><strong>otti</strong></span> <span class='ocrx_word' id='word_1_216' title='bbox 897 2925 975 2980; x_wconf 89' lang='lat' dir='ltr'><strong>sunt,</strong></span> <span class='ocrx_word' id='word_1_217' title='bbox 993 2913 1082 2990; x_wconf 85' lang='lat' dir='ltr'><strong>longa</strong></span> 
     </span>
     <span class='ocr_line' id='line_1_30' title="bbox 124 3004 1082 3086; baseline 0.001 -22"><span class='ocrx_word' id='word_1_218' title='bbox 124 3024 201 3084; x_wconf 88' lang='lat' dir='ltr'><strong>paee</strong></span> <span class='ocrx_word' id='word_1_219' title='bbox 223 3018 255 3064; x_wconf 91' lang='lat' dir='ltr'><strong>et</strong></span> <span class='ocrx_word' id='word_1_220' title='bbox 276 3004 337 3064; x_wconf 93' lang='lat' dir='ltr'><strong>otio</strong></span> <span class='ocrx_word' id='word_1_221' title='bbox 359 3019 493 3086; x_wconf 75' lang='lat' dir='ltr'><strong>torpeat3</strong></span> <span class='ocrx_word' id='word_1_222' title='bbox 521 3007 656 3086; x_wconf 87' lang='lat' dir='ltr'><strong>plerique</strong></span> <span class='ocrx_word' id='word_1_223' title='bbox 678 3007 823 3065; x_wconf 89' lang='lat' dir='ltr'><strong>nobilium</strong></span> <span class='ocrx_word' id='word_1_224' title='bbox 846 3005 1082 3065; x_wconf 86' lang='lat' dir='ltr'><strong>adolescentium</strong></span> 
     </span>
     <span class='ocr_line' id='line_1_31' title="bbox 124 3100 1080 3181; baseline 0.001 -23"><span class='ocrx_word' id='word_1_225' title='bbox 124 3112 232 3181; x_wconf 80' lang='lat' dir='ltr'><strong>petum</strong></span> <span class='ocrx_word' id='word_1_226' title='bbox 240 3101 320 3159; x_wconf 92' lang='lat' dir='ltr'><strong>ultro</strong></span> <span class='ocrx_word' id='word_1_227' title='bbox 330 3121 382 3160; x_wconf 90' lang='lat' dir='ltr'><strong>eas</strong></span> <span class='ocrx_word' id='word_1_228' title='bbox 392 3102 535 3172; x_wconf 83' lang='lat' dir='ltr'><strong>nationes,</strong></span> <span class='ocrx_word' id='word_1_229' title='bbox 546 3123 614 3180; x_wconf 84' lang='lat' dir='ltr'><strong>quae</strong></span> <span class='ocrx_word' id='word_1_230' title='bbox 623 3115 689 3161; x_wconf 90' lang='lat' dir='ltr'><strong>tum</strong></span> <span class='ocrx_word' id='word_1_231' title='bbox 699 3101 814 3161; x_wconf 90' lang='lat' dir='ltr'><strong>bellum</strong></span> <span class='ocrx_word' id='word_1_232' title='bbox 826 3100 947 3178; x_wconf 90' lang='lat' dir='ltr'><strong>aliquod</strong></span> <span class='ocrx_word' id='word_1_233' title='bbox 959 3116 1080 3179; x_wconf 78' lang='lat' dir='ltr'><strong>gerunt3</strong></span> 
     </span>
     <span class='ocr_line' id='line_1_32' title="bbox 125 3186 1082 3277; baseline 0.001 -22"><span class='ocrx_word' id='word_1_234' title='bbox 125 3194 197 3276; x_wconf 87' lang='lat' dir='ltr'><strong>quia</strong></span> <span class='ocrx_word' id='word_1_235' title='bbox 213 3209 244 3256; x_wconf 90' lang='lat' dir='ltr'><strong>et</strong></span> <span class='ocrx_word' id='word_1_236' title='bbox 259 3195 375 3275; x_wconf 82' lang='lat' dir='ltr'><strong>ingrata</strong></span> <span class='ocrx_word' id='word_1_237' title='bbox 390 3197 471 3277; x_wconf 85' lang='lat' dir='ltr'><strong>genti</strong></span> <span class='ocrx_word' id='word_1_238' title='bbox 487 3197 583 3276; x_wconf 87' lang='lat' dir='ltr'><strong>quies,</strong></span> <span class='ocrx_word' id='word_1_239' title='bbox 598 3211 629 3257; x_wconf 90' lang='lat' dir='ltr'><strong>et</strong></span> <span class='ocrx_word' id='word_1_240' title='bbox 642 3196 759 3257; x_wconf 88' lang='lat' dir='ltr'><strong>facilius</strong></span> <span class='ocrx_word' id='word_1_241' title='bbox 771 3198 853 3257; x_wconf 89' lang='lat' dir='ltr'><strong>inter</strong></span> <span class='ocrx_word' id='word_1_242' title='bbox 866 3196 1005 3275; x_wconf 85' lang='lat' dir='ltr'><strong>ancipitia</strong></span> <span class='ocrx_word' id='word_1_243' title='bbox 1022 3186 1082 3256; x_wconf 78' lang='lat' dir='ltr'><strong>cla·</strong></span> 
     </span>
     <span class='ocr_line' id='line_1_33' title="bbox 124 3294 1081 3374; baseline 0 -21"><span class='ocrx_word' id='word_1_244' title='bbox 124 3305 252 3363; x_wconf 77' lang='lat' dir='ltr'><strong>restam,</strong></span> <span class='ocrx_word' id='word_1_245' title='bbox 266 3312 467 3374; x_wconf 83' lang='lat' dir='ltr'><strong>magnumque</strong></span> <span class='ocrx_word' id='word_1_246' title='bbox 482 3294 655 3353; x_wconf 89' lang='lat' dir='ltr'><strong>comitatum</strong></span> <span class='ocrx_word' id='word_1_247' title='bbox 669 3313 728 3352; x_wconf 92' lang='lat' dir='ltr'><strong>non</strong></span> <span class='ocrx_word' id='word_1_248' title='bbox 741 3294 800 3354; x_wconf 87' lang='lat' dir='ltr'><strong>nisi</strong></span> <span class='ocrx_word' id='word_1_249' title='bbox 816 3295 847 3354; x_wconf 82' lang='lat' dir='ltr'><strong>vi</strong></span> <span class='ocrx_word' id='word_1_250' title='bbox 863 3295 1003 3371; x_wconf 92' lang='lat' dir='ltr'><strong>belloque</strong></span> <span class='ocrx_word' id='word_1_251' title='bbox 1018 3306 1081 3353; x_wconf 91' lang='lat' dir='ltr'><strong>tue·</strong></span> 
     </span>
     <span class='ocr_line' id='line_1_34' title="bbox 126 3389 1082 3472; baseline 0.003 -23"><span class='ocrx_word' id='word_1_252' title='bbox 126 3410 187 3450; x_wconf 88' lang='lat' dir='ltr'><strong>are.</strong></span> <span class='ocrx_word' id='word_1_253' title='bbox 227 3389 365 3468; x_wconf 79' lang='lat' dir='ltr'><strong>Exigunt</strong></span> <span class='ocrx_word' id='word_1_254' title='bbox 375 3392 456 3450; x_wconf 91' lang='lat' dir='ltr'><strong>enim</strong></span> <span class='ocrx_word' id='word_1_255' title='bbox 464 3391 608 3472; x_wconf 87' lang='lat' dir='ltr'><strong>principis</strong></span> <span class='ocrx_word' id='word_1_256' title='bbox 618 3392 665 3450; x_wconf 87' lang='lat' dir='ltr'><strong>aui</strong></span> <span class='ocrx_word' id='word_1_257' title='bbox 675 3392 853 3453; x_wconf 88' lang='lat' dir='ltr'><strong>liberalitate</strong></span> <span class='ocrx_word' id='word_1_258' title='bbox 864 3391 950 3451; x_wconf 92' lang='lat' dir='ltr'><strong>illum</strong></span> <span class='ocrx_word' id='word_1_259' title='bbox 958 3392 1082 3452; x_wconf 89' lang='lat' dir='ltr'><strong>bellato-</strong></span> 
     </span>
     <span class='ocr_line' id='line_1_35' title="bbox 125 3484 1082 3568; baseline 0.005 -25"><span class='ocrx_word' id='word_1_260' title='bbox 125 3504 192 3545; x_wconf 88' lang='lat' dir='ltr'><strong>rem</strong></span> <span class='ocrx_word' id='word_1_261' title='bbox 202 3505 322 3565; x_wconf 88' lang='lat' dir='ltr'><strong>equum,</strong></span> <span class='ocrx_word' id='word_1_262' title='bbox 333 3484 415 3546; x_wconf 90' lang='lat' dir='ltr'><strong>illam</strong></span> <span class='ocrx_word' id='word_1_263' title='bbox 426 3501 579 3547; x_wconf 87' lang='lat' dir='ltr'><strong>cruentam</strong></span> <span class='ocrx_word' id='word_1_264' title='bbox 589 3489 804 3568; x_wconf 86' lang='lat' dir='ltr'><strong>victricemque</strong></span> <span class='ocrx_word' id='word_1_265' title='bbox 814 3488 968 3548; x_wconf 83' lang='lat' dir='ltr'><strong>frameam.</strong></span> <span class='ocrx_word' id='word_1_266' title='bbox 1002 3489 1082 3548; x_wconf 89' lang='lat' dir='ltr'><strong>Nam</strong></span> 
     </span>
     <span class='ocr_line' id='line_1_36' title="bbox 127 3582 1081 3666; baseline 0.005 -26"><span class='ocrx_word' id='word_1_267' title='bbox 127 3582 236 3660; x_wconf 81' lang='lat' dir='ltr'><strong>epulae,</strong></span> <span class='ocrx_word' id='word_1_268' title='bbox 250 3593 281 3642; x_wconf 90' lang='lat' dir='ltr'><strong>et</strong></span> <span class='ocrx_word' id='word_1_269' title='bbox 294 3583 453 3655; x_wconf 70' lang='lat' dir='ltr'><strong>tonsionis,</strong></span> <span class='ocrx_word' id='word_1_270' title='bbox 468 3605 645 3664; x_wconf 86' lang='lat' dir='ltr'><strong>quamquam</strong></span> <span class='ocrx_word' id='word_1_271' title='bbox 660 3585 795 3656; x_wconf 89' lang='lat' dir='ltr'><strong>incomti,</strong></span> <span class='ocrx_word' id='word_1_272' title='bbox 827 3587 903 3666; x_wconf 87' lang='lat' dir='ltr'><strong>largi</strong></span> <span class='ocrx_word' id='word_1_273' title='bbox 916 3600 1016 3646; x_wconf 90' lang='lat' dir='ltr'><strong>tamen</strong></span> <span class='ocrx_word' id='word_1_274' title='bbox 1031 3607 1081 3664; x_wconf 93' lang='lat' dir='ltr'><strong>ap·</strong></span> 
     </span>
     <span class='ocr_line' id='line_1_37' title="bbox 125 3680 1082 3762; baseline 0.001 -24"><span class='ocrx_word' id='word_1_275' title='bbox 125 3689 259 3756; x_wconf 85' lang='lat' dir='ltr'><strong>paratus,</strong></span> <span class='ocrx_word' id='word_1_276' title='bbox 269 3699 326 3759; x_wconf 92' lang='lat' dir='ltr'><strong>pro</strong></span> <span class='ocrx_word' id='word_1_277' title='bbox 339 3680 487 3762; x_wconf 87' lang='lat' dir='ltr'><strong>stipendio</strong></span> <span class='ocrx_word' id='word_1_278' title='bbox 501 3682 620 3743; x_wconf 89' lang='lat' dir='ltr'><strong>cedunt.</strong></span> <span class='ocrx_word' id='word_1_279' title='bbox 657 3682 786 3743; x_wconf 87' lang='lat' dir='ltr'><strong>Materia</strong></span> <span class='ocrx_word' id='word_1_280' title='bbox 795 3682 1016 3742; x_wconf 76' lang='lat' dir='ltr'><strong>munificientiae</strong></span> <span class='ocrx_word' id='word_1_281' title='bbox 1025 3700 1082 3762; x_wconf 88' lang='lat' dir='ltr'><strong>per</strong></span> 
     </span>
    </p>
   </div>
   <div class='ocr_carea' id='block_1_5' title="bbox 0 0 1208 4290">
    <p class='ocr_par' dir='ltr' id='par_1_8' title="bbox 0 0 1208 4290">
     <span class='ocr_line' id='line_1_38' title="bbox 0 0 1208 4290; baseline 0 0"><span class='ocrx_word' id='word_1_282' title='bbox 0 0 1208 4290; x_wconf 95' lang='lat' dir='ltr'><strong> </strong></span> 
     </span>
    </p>
   </div>
  </div>
 </body>
</html>
