2400 4290
145 266 191 325 46
437 278 464 322 c.
484 277 658 323 consumas
679 276 823 323 remrus.

147 423 244 474 rantes
267 431 349 488 agra
366 411 527 488 anatome
546 422 573 469 et
586 411 795 471 discordantia.
835 410 1042 483 Radamisto
1055 432 1101 471 ea·

148 511 270 570 mcitns:
292 509 336 567 ibi
349 509 458 568 tributa
475 519 502 566 et
514 509 635 567 metalla
649 518 676 566 et
688 517 785 567 cetera
797 510 979 568 seruientium
987 530 1081 585 pana
1086 533 1100 576 ,·

147 626 221 684 quas
238 606 271 664 in
286 614 421 664 atmnum
433 604 572 684 pefferre,
586 614 639 662 aat
654 605 754 673 statim
770 605 870 663 nimsci
885 607 917 664 in
932 607 985 665 doc
1000 625 1102 681 campo

121 695 126 700 ’
147 713 196 760 est.
236 701 376 772 Proinde,
390 701 464 759 ituri
480 702 512 760 in
526 701 625 772 aciem,
640 710 668 758 et
679 701 803 778 majores
816 709 923 760 cestros
935 710 963 760 et
974 709 1103 779 posteros

147 799 280 877 cogitate.
633 858 636 862 .

186 893 342 953 XXXIII.
362 894 524 975 Excepere
534 893 700 957 orationem
711 894 825 953 alacres
836 906 867 953 et
876 894 998 954 barbari
1012 894 1103 952 moris

148 976 238 1049 cautu
252 1002 283 1049 ct
295 989 418 1049 fremitu
435 989 673 1067 clamoribusque
688 989 826 1048 dissonis.
865 989 996 1068 Jamque
1010 991 1101 1068 agmi-

147 1098 231 1154 na,et
244 1104 393 1151 armorum
409 1077 545 1163 fulgores
560 1084 764 1143 audentissimi
778 1085 922 1163 cujusque
936 1106 1102 1164 procursu:

147 1182 235 1240 simul
245 1182 443 1240 instruebatur
453 1181 550 1251 acies3
569 1200 636 1239 cum
647 1181 799 1258 Agricola,
812 1200 990 1259 quamquam
1000 1183 1102 1239 laetum

148 1288 180 1334 et
195 1276 246 1334 vix
262 1275 454 1334 munimentis
471 1275 637 1333 coercitum
652 1274 775 1334 militem
793 1277 971 1345 adhortatus,
986 1277 1030 1333 ita
1044 1276 1102 1334 dis·
1125 1321 1128 1329 .

147 1371 259 1430 seruit:
284 1371 412 1430 Octavus
430 1390 523 1429 annus
541 1381 589 1441 est,
603 1371 816 1441 commilitones,
832 1390 866 1428 ea
879 1391 935 1449 quo
952 1373 1059 1429 uirtute
1076 1383 1104 1430 et

146 1466 286 1542 auspiciis
304 1466 421 1542 imperii
437 1467 568 1524 Romani
578 1464 647 1540 fide
663 1476 748 1542 atque
766 1486 854 1542 opera
870 1477 966 1524 vestra
981 1468 1103 1526 Britan-

146 1563 229 1620 niam
243 1563 361 1620 vicistis.
409 1561 463 1620 Tot
476 1561 712 1637 impeditionibus,
726 1571 768 1618 tot
780 1562 906 1636 praiiis,
920 1582 969 1641 seu
976 1562 1102 1641 fortitu·

148 1657 215 1716 dina
228 1657 366 1716 adversus
379 1657 479 1727 dostes,
493 1676 542 1714 scu
549 1657 697 1732 patientia
713 1675 748 1714 ac
761 1656 860 1714 labore
868 1677 952 1733 pane
966 1657 1103 1716 adversm

147 1754 244 1830 r'qrsarn
257 1773 354 1812 rerum
365 1763 503 1811 naturam
516 1751 666 1830 opusfroit.
708 1752 859 1830 Nequeme
867 1753 1005 1823 militum,
1013 1773 1103 1830 nequa

147 1869 198 1908 aas
216 1849 297 1909 ducis
311 1849 458 1926 panitnit.
499 1848 587 1924 Ergo
600 1849 715 1924 egressi,
730 1869 782 1924 ego
796 1859 919 1907 ortuum
932 1849 1101 1925 legatorum,

147 1963 197 2002 nos
217 1946 353 2020 priorum
381 1944 553 2002 enacituum
575 1946 718 2012 terminos,
736 1942 831 2018 finem
851 1945 1026 2014 Britannia,
1046 1965 1102 2003 non

146 2039 252 2116 sama,
270 2058 321 2096 nec
338 2058 459 2108 rumore,
472 2038 522 2096 sed
534 2039 638 2096 castris
656 2048 683 2095 et
701 2039 794 2096 armis
810 2046 940 2097 tenemus.
982 2040 1103 2098 Inventa

148 2133 318 2203 Britannia,
331 2143 358 2190 et
370 2133 498 2215 subacta.
539 2133 689 2209 Equidem
702 2135 820 2209 scopein
833 2137 958 2210 agmine,
973 2156 1038 2194 cnm
1052 2157 1103 2194 oor

142 2212 145 2220 ’
147 2228 275 2306 paludes
285 2238 423 2287 montasoe
432 2239 460 2286 et
467 2228 603 2303 flumina
610 2229 792 2306 fatigarent,
796 2229 959 2306 fortissimi
968 2232 1103 2309 cujusque

148 2346 227 2385 noces
247 2324 412 2395 audiebam,
436 2323 569 2397 Quando
589 2323 711 2383 ‘dabitur
730 2324 832 2395 hostis,
857 2325 977 2403 quaudo
999 2327 1102 2386 aciesl

121 2412 126 2421 ⁹
155 2422 285 2493 Veniunt,
296 2442 312 2480 e
322 2421 441 2480 latebris
452 2422 514 2479 suis
526 2421 651 2489 extrusi·
667 2431 694 2479 et
705 2431 774 2479 nota
787 2422 934 2499 uirumque
946 2424 978 2480 in
992 2434 1101 2498 aperto,

147 2520 300 2597 omniaque
321 2537 419 2596 prona
440 2517 604 2588 uictoribus,
626 2526 713 2595 atquc
738 2516 837 2576 eadem
860 2518 945 2575 cittis
968 2517 1101 2579 aduersa.

149 2618 240 2688 Nam,
254 2627 286 2675 ut
297 2635 445 2693 superasse
458 2624 570 2674 tantum
581 2615 703 2685 itineris,
717 2614 809 2673 siloas
823 2615 952 2684 evasisse,
966 2615 1100 2673 mansisse

149 2711 460 2790 astuario,prolcdrum
473 2730 509 2770 ac
519 2711 650 2770 decorum
660 2710 844 2797 instantem
866 2711 1102 2790 itafugientibns

148 2809 403 2883 periculosissima,
417 2827 481 2885 qua
494 2806 581 2866 dodie
587 2808 786 2884 prosperrima
799 2815 873 2865 sunt.
915 2809 1014 2884 Neque
1027 2809 1102 2883 qnim

148 2901 230 2960 nobis
247 2912 301 2960 aut
318 2903 444 2961 locormn
463 2901 562 2960 eadem
582 2903 688 2979 notitia
703 2911 757 2959 aut
776 2913 981 2960 commeatuum
1001 2903 1099 2960 eadem

148 2995 333 3054 abundantia
340 3018 354 3063 ,·
377 2994 428 3053 aad
444 3014 548 3054 manns
566 3004 593 3052 et
609 3015 696 3054 amca
713 3007 741 3054 et
757 2998 790 3054 in
806 2997 854 3055 tu
866 2998 972 3055 omnia.
1015 2998 1103 3073 Quod

147 3089 191 3149 ad
203 3110 248 3149 me
261 3091 370 3160 attinet,
376 3090 446 3167 jam
455 3090 574 3167 pridem
587 3091 661 3149 midi
673 3090 814 3149 damatam
828 3102 877 3161 est,
891 3111 980 3169 nequ
996 3094 1100 3151 enerci-

148 3196 203 3257 tus,
216 3204 304 3262 neque
321 3184 403 3244 ducis
421 3195 504 3262 terga
523 3195 587 3242 tuta
605 3205 670 3244 esse.
711 3185 844 3246 Proinde
856 3196 883 3244 et
895 3187 1011 3245 donata
1024 3208 1101 3246 mors

149 3282 229 3360 mrqi
245 3282 309 3340 cita
321 3281 440 3358 patiam·
463 3290 490 3338 et
501 3281 685 3340 incolumitas
701 3302 737 3340 ac
754 3280 840 3340 meus
858 3281 954 3341 eodem
967 3283 1027 3341 lom
1040 3285 1101 3341 sita

148 3390 233 3438 sunt:
253 3397 302 3438 nec
315 3376 577 3457 ingloriumsaarit
589 3378 621 3436 in
634 3376 699 3455 inm
712 3386 856 3438 terrarum
867 3399 904 3437 ac
916 3378 1101 3456 natarafine

148 3474 288 3535 cecidisse.
991 3550 995 3563 Ι

188 3570 341 3630 XXXIV.
364 3569 401 3630 Si
413 3589 493 3629 nora
507 3580 705 3649 gentes'atque
721 3571 823 3648 ignota
836 3572 912 3630 acies
924 3571 1098 3640 conantium,

149 3666 275 3727 aliorum
288 3669 462 3727 enormium
477 3668 613 3744 manipiis
625 3688 675 3727 aos
688 3669 835 3728 hortarer:
856 3688 932 3728 nunc
944 3678 1038 3728 rutra
1051 3667 1098 3725 de·
