2400 4290
161 340 203 402 48
346 339 349 344 '
441 353 467 394 c.
482 351 665 393 cernamus
688 349 832 392 suerrus.

158 487 302 566 Agricola
310 496 370 543 tres
381 485 564 542 Batavorum
578 483 714 541 cohortes
728 502 763 540 ao
775 482 967 559 Tungrorum
980 482 1054 542 duas
1065 503 1112 543 co·

157 583 291 642 hortatus
308 593 362 652 est,
381 593 413 638 ut
429 599 493 637 rem
511 578 548 636 ad
564 589 721 639 mucrones
737 598 772 636 ac
788 598 892 637 manus
910 578 1112 641 adducerent:

158 678 238 758 quod
251 691 283 737 et
295 677 368 757 ipsis
378 688 525 736 vetustate
539 674 652 733 militiae
667 674 872 743 exercitatum,
882 686 913 732 et
925 675 1057 733 hostibus
1068 676 1113 733 in-

156 774 267 845 habile,
284 794 376 853 parve
392 784 477 831 scuta
493 783 532 829 er
544 789 682 829 enormes
699 769 814 848 gladios
832 764 1022 848 gerentibus:
1042 792 1115 831 nam

67 885 69 889 ’
158 869 368 929 Britannorum
386 867 477 946 gladii
498 867 562 926 sine
579 884 723 925 mucrone
739 867 935 944 complexum
951 886 1113 939 armorum,

160 978 192 1023 et
205 964 236 1023 in
250 977 331 1023 arcto
344 983 477 1043 pugnam
487 982 546 1021 non
556 962 729 1020 tolerabant.
769 962 875 1039 Igitur,
884 974 917 1020 ut
928 961 1033 1022 Batavi
1044 965 1113 1022 mis-

159 1079 231 1118 cere
245 1060 330 1129 ictus,
344 1059 436 1117 ferire
449 1058 636 1128 umbonibus,
650 1076 704 1115 ora
716 1055 841 1127 foedare,
852 1069 883 1115 et
898 1057 997 1115 stratis
1014 1059 1065 1137 qui
1082 1061 1114 1119 in

159 1175 246 1234 aequo
259 1155 443 1224 obstiterant,
458 1154 575 1231 erigere
595 1152 625 1210 in
642 1153 732 1211 colles
750 1151 845 1210 aciem
862 1172 991 1231 crepere,
1006 1167 1113 1215 ceterae

159 1248 305 1320 cobortes,
313 1249 501 1309 aemulatione
511 1258 543 1306 et
550 1249 665 1326 impetu
676 1246 854 1316 commixtae,
863 1248 1017 1325 proximos
1026 1270 1112 1327 quos·

157 1365 218 1424 que
227 1345 357 1412 caedere:
373 1363 407 1403 ac
417 1343 554 1422 plerique
565 1343 733 1401 semineces
744 1354 795 1400 aut
805 1342 913 1421 integri
922 1342 1113 1405 festinatione

159 1441 291 1500 victoriae
300 1439 551 1517 relinquebantur.
592 1437 717 1495 Interim
731 1438 865 1515 equitum
878 1450 983 1498 turmae
997 1439 1113 1520 fugere,

159 1536 301 1596 corinarii
315 1535 451 1614 peditum
463 1554 496 1592 se
509 1533 617 1612 proelio
631 1533 796 1593 miscuere:
818 1547 858 1605 et,
872 1556 1052 1615 quamquam
1066 1559 1112 1598 re-

157 1645 276 1691 centem
287 1643 435 1690 terrorem
446 1631 614 1701 intulerant,
624 1630 731 1700 densis,
739 1642 839 1689 tamen
848 1631 977 1692 hostium
989 1633 1112 1711 agmini-

108 1772 111 1777 ·
155 1727 213 1793 bus
230 1740 261 1787 et
277 1727 472 1807 inaequalibus
488 1727 562 1785 locis
578 1727 750 1798 haerebant;
771 1726 954 1805 minimeque
968 1729 1113 1805 equestris

159 1843 198 1884 ea
212 1844 321 1904 pugnae
333 1823 427 1883 facies
441 1836 513 1895 erat,
528 1843 597 1883 cum
613 1842 696 1902 aegre
713 1822 766 1882 diu
782 1834 902 1893 stantes,
917 1823 1008 1882 simul
1022 1845 1112 1903 equo·

155 1939 223 1978 rum
237 1920 410 1999 corporibus
420 1919 655 1999 impellerentur,
666 1939 702 1978 ac
715 1938 797 1998 saepe
810 1919 879 1997 vagi
893 1939 1005 1990 currus,
1015 1934 1112 1980 exter·

155 2015 207 2073 riti
231 2016 296 2075 sine
319 2016 486 2074 rectoribus
510 2015 589 2093 equi,
613 2027 646 2072 ut
669 2034 819 2092 quemque
843 2013 971 2073 formido
994 2017 1113 2087 tulerat,

155 2120 340 2168 musversos
355 2122 406 2166 aut
418 2109 521 2169 obvios
534 2108 732 2168 incursabant.

195 2203 365 2262 XXXVII.
396 2203 440 2261 Et
462 2204 609 2272 Britanni,
634 2203 685 2279 qui
713 2202 810 2262 adhuc
836 2224 945 2282 pugnae
974 2220 1113 2285 expertes

155 2317 274 2357 summa
286 2297 409 2355 collium
420 2288 600 2367 insederant,
612 2308 642 2355 et
652 2296 833 2375 paucitatem
846 2311 1014 2358 nostrorum
1025 2303 1113 2361 vacui

69 2379 72 2383 ’
154 2392 346 2471 spernebant,
360 2391 488 2470 degredi
504 2392 648 2470 paulatim
670 2405 701 2450 et
722 2391 879 2452 circumire
896 2406 981 2472 terga
992 2396 1111 2455 vincen-

155 2487 232 2547 tium
254 2499 424 2568 coeperant3
449 2486 482 2544 ni
502 2487 534 2546 id
554 2487 653 2566 ipsum
672 2488 787 2548 veritus
806 2489 951 2567 Agricola
973 2504 1113 2567 quattuor

156 2584 293 2662 equitum
308 2585 380 2655 alas,
394 2583 434 2643 ad
447 2585 545 2643 subita
553 2584 625 2644 belli
638 2596 776 2653 retentas,
783 2585 969 2644 venientibus
982 2606 1111 2664 opposu-

156 2681 238 2753 isset,
252 2692 424 2758 quantoque
441 2679 571 2740 ferocius
589 2692 792 2751 accurrerant,
800 2692 881 2740 tanto
898 2681 995 2740 acrius
1008 2683 1111 2760 pulsos

155 2775 188 2834 in
200 2776 303 2855 fingam
316 2775 491 2855 disjecisset.
531 2776 578 2835 Ita
594 2775 750 2835 consilium
764 2775 973 2836 Britannorum
986 2777 1018 2835 in
1031 2777 1112 2855 ipsos

155 2857 275 2930 nereum
284 2895 292 2944 ς
313 2885 549 2950 transvectaeque
565 2884 717 2950 praecepto
734 2871 819 2930 ducis
836 2892 853 2930 a
869 2872 966 2930 fronte
980 2892 1112 2952 pugnan-

155 2966 231 3025 tium
253 2967 317 3036 alae,
335 2987 471 3026 aversam
486 2967 619 3025 hostium
639 2967 736 3025 aciem
754 2966 899 3026 invasere.
942 2968 1022 3025 Tum
1040 2988 1112 3026 vero

155 3063 328 3140 patentibus
341 3062 414 3120 locis
428 3059 540 3140 grande
554 3073 585 3119 et
598 3073 683 3120 atrox
697 3063 919 3138 spectaculum:
941 3063 1036 3139 sequi,
1049 3064 1112 3121 vul-

155 3175 272 3226 nerare,
297 3174 414 3234 capere,
442 3167 531 3232 atque
562 3154 693 3224 eosdem,
718 3154 823 3213 oblatis
853 3154 928 3225 aliis,
952 3156 1111 3217 trucidare.

155 3250 178 3311 J
179 3271 229 3311 am
242 3249 381 3320 hostium,
391 3262 482 3329 prout
495 3249 603 3326 cuique
617 3247 770 3327 ingenium
785 3261 860 3320 erat,
875 3263 1002 3310 catervae
1017 3272 1112 3313 arma-

156 3359 255 3409 torum
272 3345 465 3425 pauciqribus
483 3357 568 3423 terga
583 3356 736 3425 praestare,
750 3344 871 3421 quidam
886 3345 1016 3406 inermes
1034 3350 1112 3408 ultro

156 3462 253 3512 ruere,
271 3462 306 3501 ac
322 3460 355 3500 se
371 3440 457 3499 morti
475 3439 592 3499 offerre.
642 3439 760 3498 Passim
780 3459 864 3499 arma
883 3453 914 3500 et
934 3463 1060 3522 corpora
1080 3457 1112 3503 et

156 3538 249 3599 laceri
263 3551 342 3596 artus
356 3548 386 3596 et
399 3549 522 3596 cruenta
530 3537 648 3595 humus.
688 3536 747 3595 Est
756 3536 916 3615 aliquando
927 3538 1018 3598 etiam
1026 3540 1110 3600 victis

156 3634 202 3695 ira
217 3634 388 3712 virtusque:
414 3645 571 3712 postquam
592 3631 673 3691 silvis
691 3632 976 3712 appropinquarunt,
994 3634 1111 3697 collecti

156 3729 270 3809 primos
285 3728 483 3811 sequentium,
496 3728 632 3789 incautos
647 3741 680 3787 et
691 3729 825 3788 locorum
842 3729 969 3808 ignaros,
986 3728 1109 3790 cucum-
