2400 4290
349 281 513 323 sericeum
536 281 859 324 vrrs.-cs1³.11.-1u.
1042 267 1084 326 20

126 412 286 471 H'elvidius
302 411 414 471 laudati
435 425 545 483 essent,
560 412 687 492 capitale
703 413 814 472 fuisse:
835 432 933 490 neque
954 412 985 471 in
1002 412 1084 493 ipsos

125 509 213 569 modo
225 521 370 584 auctores,
382 509 436 568 sed
450 510 481 568 in
492 509 583 569 libros
595 530 716 587 quoque
728 529 833 568 eorum
843 509 989 580 saevitum,
1000 508 1083 568 dele·

125 618 195 683 gato
215 605 377 664 triumviris
395 606 568 675 ministerio,
586 619 618 662 ut
638 625 729 663 monu
761 618 829 663 enta
850 604 1083 664 clarissimorum
1101 668 1117 679 ,Ι
1128 660 1137 679 ,,

124 701 313 780 ingeniorum
323 702 355 759 iu
366 701 487 760 comitio
499 722 533 760 ac
543 702 607 759 foro
618 626 782 760 ulileffiildr.
816 701 939 760 Scilicet
949 701 999 759 illo
1010 701 1084 782 igne
1111 684 1116 699 ⁸
1127 774 1132 783 Ι

123 817 231 857 vocem
246 798 352 877 populi
366 797 496 856 Romani
514 818 531 856 e
538 797 620 901 [lips
637 812 730 883 atem
747 809 868 856 senatus
886 810 917 855 et
930 796 1082 856 conscien-

123 891 197 950 tiam
219 892 337 972 generis
352 810 613 952 humanilafsltn
636 876 863 962 arliitrabautur,
881 892 1014 971 expulsis
1041 891 1083 952 in·

75 962 389 1068 fflldfiff‘sapientiae
410 988 625 1068 professoribus
648 1001 737 1066 atque
760 989 841 1046 omni
861 989 941 1047 bona
963 1000 1028 1053 arte
1052 987 1084 1047 in

60 1084 108 1171 ·“ζ.
117 1082 249 1142 ¹erilium
263 1097 338 1154 acta,
349 1105 388 1143 ne
400 1084 472 1162 quid
487 1105 613 1162 usquam
625 1084 784 1142 honestum
801 1053 977 1143 old‘driirrldiet.
1018 1084 1082 1144 De-

10 1166 99 1263 itlf'*
123 1178 223 1238 dimus
244 1181 379 1259 profecto
401 1179 683 1332 grandeqqatipntiae
701 1179 930 1239 documentum:
952 1192 984 1239 et
1004 1179 1083 1241 sicut
1100 1256 1119 1263 ..
1153 1230 1156 1235 .

10 1254 81 1371 ld*
122 1287 207 1334 vetus
227 1288 300 1334 aetas
316 1275 391 1334 vidit
414 1276 486 1354 quid
499 1297 519 1333 u
531 1244 639 1334 trriitillr
654 1275 686 1332 in
702 1275 840 1334 libertato
861 1288 950 1347 esset,
965 1276 1006 1334 ita
1025 1298 1081 1336 nos

11 1376 16 1381 '
123 1370 196 1447 quid
217 1371 248 1428 in
270 1371 419 1441 servitute,
445 1371 565 1430 ademto
590 1392 647 1450 per
663 1371 868 1449 inquisitiones
889 1384 921 1430 et
937 1371 1081 1450 loquendi

123 1465 324 1544 audiendique
339 1467 527 1554 commercio.
567 1467 747 1526 Memoriam
762 1487 880 1545 quoque
897 1467 994 1546 ipsam
1012 1488 1081 1526 cum

122 1581 197 1621 voce
210 1548 458 1642 perdidissdmus,
472 1563 497 1621 si
512 1562 618 1621 tamin
631 1575 733 1622 nostra
748 1575 896 1642 potestate
911 1576 992 1622 esset
1006 1563 1079 1622 obli-

122 1657 205 1728 visci,
220 1679 311 1737 quam
324 1672 434 1718 tacere.
689 1736 692 1741 Ι
707 1732 711 1739 1

80 1786 84 1793 ,
163 1754 223 1814 III.
244 1755 335 1813 Nunc
348 1754 471 1813 demum
489 1753 567 1814 redit
585 1738 720 1814 enititu't‘i
740 1767 770 1813 et
786 1774 966 1832 quamquam
983 1754 1081 1833 primo

116 1850 224 1941 'statim
237 1850 404 1917 beatissimi
420 1851 522 1909 saeculi
539 1862 604 1908 ortu
622 1849 726 1907 Nerva
743 1850 847 1909 Oaesar
867 1870 915 1908 res
935 1850 1006 1908 olim
1022 1849 1098 1917 dis,

56 2011 67 2027 ι
91 1914 203 2005 ”iiiiii
219 1910 453 2017 illdsliniscuerit,
463 1945 662 2025 principatum
675 1965 708 2003 ac
719 1946 900 2025 libertatem,
912 1957 1082 2024 augeatque

124 2040 257 2117 quotidie
269 2041 445 2101 felicitatem
458 2053 628 2120 temporum
638 2040 743 2099 Nerva
754 2041 911 2120 Trajauus,
921 2062 980 2100 nec
993 2036 1099 2121 spem'

84 2111 90 2219 l
123 2135 213 2194 modo
231 2156 266 2195 ao
280 2149 381 2196 votum
398 2136 541 2196 securitas
554 2136 677 2215 publica
690 2136 743 2196 sed
758 2137 851 2216 ipsius
864 2137 924 2196 voti
938 2136 1081 2197 fiduciam
1095 2157 1134 2183 ›-
1159 2152 1162 2159 ·

124 2251 159 2290 ac
178 2233 272 2291 robur
292 2232 470 2303 assumserit,
489 2245 596 2292 natura
615 2246 717 2292 tamen
737 2233 916 2292 infirmitatis
940 2233 1094 2303 humanae.

85 2316 89 2332 ¹
123 2326 252 2386 tardiora
272 2340 341 2386 suut
359 2328 502 2399 remedia,
519 2348 609 2406 quam
629 2328 724 2399 maia3
750 2341 788 2398 et,
806 2341 840 2387 ut
856 2349 982 2407 corpora
998 2322 1120 2403 leute'f'
1150 2396 1187 2423 ‚s

124 2435 297 2501 augescunt,
312 2422 371 2482 cito
392 2423 628 2502 exstinguuntur,
646 2423 689 2499 sic
706 2424 829 2503 ingenia
848 2423 1007 2507 studiaque
1028 2443 1111 2509 ⁰P·;,‘‡
1123 2442 1152 2507 ',

123 2504 266 2599 presseris
276 2518 404 2590 facilius,
417 2540 508 2598 quam
522 2502 731 2583 reio'caieiis„
755 2504 847 2578 'Subit
861 2520 974 2598 quippe
989 2510 1088 2578 etiam¹
1102 2508 1121 2560 ¹·
1178 2508 1186 2539 ³

81 2630 115 2699 Ι,κ
122 2615 216 2694 ipsius
232 2614 347 2674 inertiae
364 2614 503 2686 dulcedo,
521 2628 551 2674 et
571 2614 667 2699 inpisa
682 2615 779 2693 primo
796 2613 912 2703 dmi-dja
926 2626 1081 2693 postremo

34 2696 101 2791 ''ss'is
115 2718 248 2769 ¹amatur.
290 2710 397 2783 Quidt
418 2711 443 2769 si
453 2732 511 2790 per
520 2696 691 2788 quiddecim
706 2729 807 2778 annos,
819 2708 932 2788 grande
947 2709 1080 2769 mortalis

20 2790 76 2881 λ’,
111 2790 181 2866 ²asvi
201 2807 338 2885 spatium,
359 2807 446 2866 multi
465 2806 594 2865 fortuitis
616 2804 744 2889 casibus,
763 2805 978 2885 promtissimus
1000 2805 1080 2883 quis·
1150 2882 1153 2887 Ι

38 2926 63 2971 ,r
124 2919 184 2981 que
204 2902 318 2963 saevitia
333 2903 477 2982 principis
497 2900 712 2961 interciderunt
722 2886 764 2961 ld*
774 2900 882 2971 Pauci,
902 2914 937 2961 ut
956 2900 998 2961 ita
1014 2900 1079 2960 dix-

124 3000 209 3069 erim,
232 2992 293 3058 non
317 2997 407 3058 modo
432 2999 567 3069 aliorum,
591 2997 644 3057 sed
670 2997 762 3057 etiam
785 2996 880 3056 nostri
904 2997 1080 3077 superstites

123 3115 242 3168 sumus3
265 3094 391 3155 exemtis
418 3115 436 3153 e
466 3094 567 3154 media
580 3096 641 3154 vita
656 3107 699 3153 tot
716 3094 810 3165 annis,
827 3094 938 3172 quibus
950 3096 1079 3174 juvenes
1096 3128 1110 3141 ··
1124 3106 1143 3163 t,
1164 3108 1186 3165 ⁹1,

80 3174 91 3279 f
125 3190 165 3250 ad
182 3203 377 3261 senectutem,
395 3212 484 3250 senes
497 3212 594 3271 prope
615 3191 653 3249 ad
669 3191 751 3270 ipsos
772 3203 887 3250 exactae
908 3191 1002 3250 aetatis
1022 3203 1080 3248 ter·
1145 3206 1176 3233 ·o

18 3326 91 3391 J,
123 3287 230 3357 minos,
243 3308 299 3368 per
320 3287 472 3346 silentium
493 3288 637 3347 venimus.
679 3287 751 3346 Non
773 3300 872 3346 tamen
892 3286 1015 3377 Plffii'li’
1030 3286 1080 3344 vel
1139 3266 1187 3335 ·‘..„‘

10 3364 82 3479 '2:325
93 3382 278 3475 wincondita
298 3404 333 3443 ac
353 3383 423 3443 rudi
442 3403 526 3453 voce,
544 3383 718 3442 memoriam
740 3383 849 3462 prioris
871 3380 1020 3440 servitutis
1044 3399 1081 3439 ac
1117 3392 1133 3465 ‘g
1146 3370 1182 3415 ”

14 3466 35 3545 ⁴2
76 3468 95 3485 “
124 3478 328 3538 testimonium
341 3479 535 3558 praesentium
549 3480 695 3555 bonorum
709 3477 919 3556 composuisse.
960 3474 1022 3534 Hic
1036 3474 1080 3532 in·
1123 3484 1127 3491 ’
1166 3478 1173 3505 ·‘

119 3573 214 3633 'terim
232 3573 318 3645 liber,
334 3575 441 3633 honori
456 3575 605 3653 Agricolae
626 3573 722 3632 soceri
742 3572 802 3630 mei
823 3570 994 3642 destinatus,
1011 3588 1079 3651 pro·

124 3668 256 3749 &ssione
268 3670 389 3753 pietatis
403 3660 606 3731 aut'laudatus
620 3668 686 3737 erit,
702 3680 753 3727 aut
766 3676 933 3726 excusatus.
