2400 4290
116 259 156 318 12
403 269 624 313 c.conuau1us
646 267 782 310 'rac1rus

113 405 197 487 juxta
212 403 390 473 libertatem.
431 400 626 460 Convictibus
643 413 674 459 et
687 399 824 478 hospitiis
841 420 899 458 non
917 398 976 458 alia
995 419 1071 476 gens
1151 458 1165 473 χ

113 501 233 561 effusius
248 500 390 577 indulget.
432 497 664 574 Quemcumque
679 497 847 554 mortalium
862 515 964 555 arcere
978 507 1068 566 tecto,

20 658 26 664 ,
112 597 195 656 nefas
211 595 355 655 habetur:
381 613 437 673 pro
453 593 571 651 fortuna
589 591 714 670 quisque
737 591 886 671 adparatis
903 591 1000 670 epulis
1019 611 1070 650 ex·

113 692 195 772 cipit.
236 691 314 751 Cum
327 690 475 759 defecere,
488 689 540 767 qui
553 687 644 747 modo
653 689 764 768 hospes
774 687 881 757 fuerat,
893 701 1071 747 monstrator
1096 732 1105 747 .

111 786 232 867 hospitii
246 799 276 846 et
291 806 408 845 comes:
429 784 598 864 proximam
612 783 734 842 domum
747 804 806 841 non
820 783 935 842 invitati
949 783 1073 843 adeunt:

111 902 171 944 nec
192 883 333 941 interest:
350 882 416 960 pari
425 880 608 939 humanitate
620 880 816 958 accipiuntur.
856 880 973 939 Notum
984 881 1069 958 iguo·

112 991 246 1057 tumque,
261 991 404 1057 quantum
425 977 464 1035 ad
476 977 528 1056 jus
543 975 676 1054 hospitii,
689 996 779 1033 nemo
796 975 948 1034 discernit.
988 977 1069 1034 Abe-

112 1074 188 1145 unti‚
200 1075 225 1133 si
239 1074 309 1152 quid
321 1073 499 1153 poposcerit,
513 1070 678 1131 concedere
692 1071 800 1129 moris:
823 1082 853 1129 et
866 1072 1011 1149 poscendi
1025 1071 1067 1128 in-

112 1168 209 1228 vicem
220 1168 327 1229 eadem
336 1167 471 1226 facilitas.
506 1166 648 1226 Gaudent
658 1165 849 1225 muneribus:
866 1166 920 1224 sed
931 1187 988 1224 nec
999 1165 1069 1224 data

112 1263 261 1344 inputant,
275 1283 331 1322 nec
348 1263 478 1341 acceptis
495 1262 671 1341 obligantur.
713 1261 819 1320 Victus
841 1263 917 1320 inter
935 1263 1069 1342 hospites

84 1359 218 1437 RQ&
292 1378 308 1411 l.
353 1344 420 1411 dun·
477 1364 487 1393 '.
521 1374 539 1405 '›
626 1370 662 1399 ¹¹⁸·

152 1454 258 1513 XXII.
279 1454 387 1513 Statim
399 1475 416 1512 e
428 1475 541 1523 somno,
551 1476 640 1532 quem
652 1455 828 1533 plerumque
843 1455 873 1512 in
883 1454 963 1513 diem
973 1468 1069 1513 extra·

112 1550 196 1623 hunt,
204 1550 361 1645 lavantur,t
358 1550 467 1629 saepius
476 1520 579 1620 calidb,
588 1563 621 1608 ut
630 1550 710 1630 apud
720 1571 794 1628 quos
803 1551 965 1629 plurimum
975 1552 1070 1608 hiems

114 1657 249 1726 occupat.
291 1644 382 1727 Lauti
399 1645 500 1704 cibum
518 1646 654 1725 capiunt:
676 1660 819 1725 separatae
835 1647 963 1726 singulis
983 1647 1071 1705 sedes

114 1752 146 1803 et
155 1761 211 1801 sua
219 1741 328 1819 cuique
337 1759 448 1799 mensa.
490 1741 569 1798 Tum
581 1741 617 1799 ad
628 1743 755 1820 negotia,
764 1763 820 1802 nec
831 1743 929 1801 minus
940 1763 1021 1822 saepe
1032 1742 1072 1801 ad

115 1837 259 1915 convivia,
268 1835 438 1916 procedunt
451 1837 565 1895 armati.
606 1837 698 1896 Diem
709 1851 886 1916 noctemque
897 1839 1072 1915 continuare

113 1932 339 2039 potandoflpplli
350 1933 501 2010 probrum.
536 1932 667 2003 Crebrae,
677 1947 710 1991 ut
720 1920 1071 2004 intervinolentoa,1isae,

113 2047 184 2087 raro
205 2026 356 2096 conviciis,
379 2026 488 2104 saepius
511 2026 593 2085 caede
617 2040 646 2085 et
667 2031 840 2089 vulneribus
862 2031 1072 2108 transiguntur.

114 2122 178 2183 Sed
190 2134 221 2181 et
230 2121 269 2207 de
282 2114 513 2181 reconciliandis
523 2121 653 2181 invicem
667 2124 796 2185 inimicis
811 2141 842 2185 et
846 2128 1012 2207 jungendis
1024 2128 1072 2186 ad·
1145 2178 1151 2187 .

113 2215 276 2277 finitatibus
289 2229 320 2275 et
333 2215 537 2276 adsciscendis
549 2217 743 2296 principibus,
755 2222 793 2281 da
803 2244 879 2301 paca
894 2223 1023 2302 denique
1039 2246 1073 2283 ac
1148 2288 1151 2293 ,

113 2312 204 2384 bello,
218 2314 394 2391 plerumque
409 2312 441 2370 in
454 2312 596 2371 conviviis
613 2316 799 2374 consultant:
819 2330 971 2396 tamquam
989 2321 1073 2378 nullo

113 2407 211 2487 magis
221 2419 355 2487 tempore
367 2422 417 2468 aut
428 2408 466 2467 ad
473 2408 620 2488 simplices
632 2410 828 2488 cogitationes
836 2428 937 2492 pateat
947 2417 1072 2488 animm,

115 2503 223 2565 autad
240 2503 547 2583 magnasjncalescat.
589 2505 673 2565 Gens
686 2526 746 2573 non
765 2521 870 2577 astuta,
885 2529 941 2568 nec
958 2513 1073 2581 callida,
1098 2542 1123 2567 .·

115 2601 212 2682 aperit
229 2601 327 2661 adhuc
343 2614 461 2661 secreta
472 2601 602 2681 pectoris
614 2588 817 2682 licentia'jog’u
858 2605 942 2682 Ergo
956 2606 1075 2666 detecta

115 2709 148 2765 et
168 2697 250 2757 nuda
272 2698 404 2758 omnium
425 2719 509 2758 mens
529 2699 718 2778 postera-die
730 2712 926 2769 retractatur,
940 2714 971 2759 et
992 2704 1074 2762 salva

115 2792 273 2871 utriusque
294 2796 438 2873 temporis
460 2795 538 2853 ratio
560 2808 612 2853 est.
662 2795 848 2865 Deliberant,
870 2795 940 2855 dum
961 2797 1074 2876 fingere

115 2889 269 2949 nesciunt:
291 2890 483 2959 constituunt,
498 2890 569 2947 dum
583 2910 684 2948 errare
698 2910 757 2948 nou
772 2903 906 2969 possunt.

88 3000 109 3023 ¹·
124 2988 128 2993 '
154 2982 278 3041 XXIII.
298 2982 389 3041 Potui
402 2984 510 3041 humor
522 3004 562 3041 ex
572 2983 689 3041 hordeo
702 2997 752 3041 aut
764 2976 922 3054 frumento,
938 2985 968 3043 in
982 3008 1073 3063 quan·

20 3090 34 3107 ”
115 3076 187 3137 dam
195 3076 419 3135 similitudinem
427 3076 489 3135 vini
502 3089 668 3156 corruptus.
697 3077 835 3135 Proximi
846 3079 923 3157 ripas
929 3092 960 3137 et
971 3081 1073 3141 vinnm

115 3184 293 3255 mercantur.
334 3171 405 3230 Cibi
421 3171 591 3250 simplices3
616 3172 747 3250 agrestia
761 3192 983 3250 pomarecens
1000 3176 1072 3248 fera,

116 3279 169 3329 aut
180 3269 228 3327 lae
238 3252 420 3327 concretum.
461 3266 535 3325 Sine
550 3266 704 3346 adparatu,
715 3267 779 3327 sine
789 3248 1009 3342 blandimentis,
1022 3293 1073 3331 ex-

115 3348 233 3445 pellunt
245 3363 363 3423 famem.
403 3362 557 3422 Adversus
573 3363 654 3423 sitim
668 3385 728 3424 non
746 3364 853 3425 eadem
868 3370 1072 3446 temperantia.

13 3484 17 3499 ·
117 3460 152 3520 Si
162 3460 321 3521 indulseris
335 3459 483 3531 ebrietati,
494 3459 684 3540 suggerendo
696 3474 839 3540 quantum
849 3465 1073 3545 concupiscunt,

116 3556 197 3615 haud
211 3557 310 3617 minus
323 3557 413 3617 facile
427 3556 515 3628 vitiis,
529 3577 619 3635 quam
634 3557 731 3628 armis,
746 3558 913 3619 vincentur.

156 3650 278 3713 XXIV.
295 3653 399 3714 Genus
409 3655 647 3734 spectaculorum
656 3674 749 3715 unum
759 3667 849 3733 atque
859 3654 890 3715 in
900 3656 982 3716 omni
992 3669 1072 3718 coetu
