2400 4290
123 279 146 337 6
410 296 436 337 o.
461 293 635 337 corruamus
658 293 793 335 rsorrus

103 427 240 509 :obsides
257 427 367 506 puellae
385 446 501 504 quoque
522 427 638 484 nobiles
656 425 848 504 imperantur.
882 424 994 482 ‘Inesse
1007 423 1080 501 quin

107 512 212 597 letiam
230 537 362 583 sanctum
378 523 490 600 aliquid
504 535 534 580 et
551 521 710 605 pqogidum
724 534 848 599 putant:
869 540 926 578 nec
943 533 995 578 aut
1011 540 1078 579 con·

120 599 188 678 silla
205 640 306 678 esrum
321 619 543 698 adspernantur,
559 629 609 675 aut
625 602 770 695 responsa
785 617 951 695 negligunt.
992 615 1091 672 Vidi»

121 736 196 786 mus,
210 719 265 774 sub
283 707 351 774 divo
366 714 561 794 Vespasiano,
575 712 733 782 Veledam,
748 712 800 770 diu
822 711 901 792 apud
918 687 1102 808 wi
1151 695 1164 709 ’
1180 717 1184 725 ’

120 812 250 871 numinis
271 814 337 888 1920
357 810 499 870 habitam.
539 807 602 866 Sed
623 820 654 867 et
675 807 746 866 olim
766 807 924 866 Auriniam
944 795 1077 865 Efcom-
1177 870 1179 877 Ι

89 919 95 975 ’ς
120 888 240 989 pffi'r‘ei'*
246 907 318 966 alias
334 905 467 965 venerati
488 917 564 974 sunt,
578 902 839 974 nomadulatione,
853 923 909 961 nec
925 915 1078 993 tamqnam
1163 924 1166 930 ⁴

84 988 376 1063 'afacerentdeaa'
646 989 670 1042 ²³
719 982 846 1069 ‘⁹J*³'‘'³¹'
901 1028 907 1037 ·
953 1006 1021 1071 ⁵15st
1070 1012 1140 1109 :ff

160 1098 217 1158 IX.
238 1098 375 1156 Deorum
386 1095 516 1154 maxime
525 1095 712 1154 Mercurium
726 1096 835 1164 colunt,
850 1093 900 1152 cui
914 1093 1004 1151 certis
1014 1093 1077 1152 die·

119 1193 176 1251 bus
189 1193 325 1251 humanis
341 1212 459 1273 quoque
473 1191 577 1255 hostiis
594 1190 680 1248 litare
694 1189 738 1248 fas
751 1190 870 1248 habent.
911 1189 1077 1247 Herculem

120 1309 155 1347 ac
166 1289 295 1348 Martem
304 1286 454 1347 concessis
462 1282 640 1346 animalibus
649 1290 778 1367 placant.
819 1289 896 1347 Pars
905 1289 1076 1347 Suevorum

120 1397 151 1442 et
165 1384 241 1442 Isidi
257 1385 420 1443 sacrificat:
442 1383 522 1442 unde
536 1378 641 1442 caussa
657 1396 688 1442 et
705 1385 789 1463 origo
803 1383 964 1463 peregrino
981 1405 1076 1454 sacro,

100 1480 106 1558 l
119 1499 227 1558 parum
236 1478 381 1560 erimperi,
387 1480 443 1538 nisi
452 1479 533 1556 quod
540 1480 658 1556 signum
667 1480 775 1558 ipsum,
781 1480 812 1537 in
820 1481 943 1539 modum
951 1480 1076 1539 liburnae
1088 1481 1091 1488 '

119 1575 289 1653 figuratum,
311 1575 402 1634 docet
427 1574 581 1633 advectam
607 1575 795 1652 religionem.
847 1576 998 1644 Ceterum,
1021 1596 1076 1634 nec

120 1671 260 1729 cohibere
283 1671 445 1751 parietibus
469 1670 672 1747 deos,'neque
700 1671 731 1728 in
756 1673 846 1729 ullam
869 1670 992 1730 humani
1015 1671 1075 1730 oris

119 1766 252 1845 speciem
261 1766 440 1835 adsimilare,
450 1787 491 1825 ex
500 1766 703 1844 magnitudine
714 1767 879 1825 coelestium
889 1765 1076 1825 arbitrantur.
1107 1786 1111 1829 .’
1194 1832 1199 1841 ,

121 1860 224 1920 Lucos
242 1884 276 1922 ac
292 1875 618 1933 nemoraconsecraot3
640 1862 825 1940 deorumque
839 1862 1008 1921 nominibus
1026 1863 1075 1921 ad·
1100 1896 1103 1901 ·
1194 1854 1198 1861 ’

119 1958 234 2036 pellant
247 1946 397 2019 secretam
411 1959 494 2029 illud,
509 1958 590 2036 quod
603 1961 666 2017 sola
680 1958 848 2016 reverentia
861 1957 971 2016 vident.
985 1992 999 2037 „-
1017 2023 1021 2031 ,

25 2120 29 2127 ,
160 2053 200 2111 X.
231 2053 378 2132 Auspicia
406 2067 569 2131 sortesque,
597 2067 630 2112 ut
660 2053 711 2132 qui
741 2054 882 2124 maxime,
910 2042 1076 2113 observant.
1105 2098 1113 2106 ·

26 2136 30 2141 ’
79 2146 83 2153 “
121 2145 252 2206 Sortium
270 2149 456 2208 consuetudo
472 2149 609 2228 simplex.
655 2148 790 2228 Virgam,
804 2149 956 2227 frugiferae
976 2150 1076 2208 arbori

102 2239 307 2333 '‘decisaman
327 2244 461 2301 surculos
484 2256 647 2322 amputant,
663 2264 783 2321 eosque,
797 2244 876 2301 notis
897 2244 1076 2322 quibusdam
1169 2298 1176 2309 ,

121 2335 273 2406 discretos,
284 2357 376 2416 super
390 2338 549 2397 candidam
559 2351 671 2397 vestem
686 2351 801 2397 temere
817 2359 851 2397 ac
860 2338 983 2397 fortuito
994 2359 1075 2417 spar-

120 2444 201 2511 gunt.
242 2432 325 2504 Mox,
342 2434 368 2492 si
385 2434 506 2513 publice
526 2435 704 2504 consulatur,
722 2434 861 2493 sacerdos
878 2433 1014 2503 civitatis,
1030 2435 1076 2492 sin

120 2528 269 2608 privatim,
282 2529 347 2609 ipse
360 2530 576 2610 paterfamiliae,
588 2544 726 2609 precatus
739 2530 821 2601 deos,
831 2519 999 2608 coelumque
1013 2551 1076 2588 sus·

119 2625 244 2703 piciens,
258 2639 305 2685 ter
321 2627 452 2706 singulos
467 2627 553 2698 tollit,
567 2628 707 2698 sublatos,
721 2627 884 2686 secundum
902 2625 1076 2705 impressam

120 2735 189 2780 ante
215 2736 325 2794 notam,
350 2724 569 2803 interpretatur.
624 2725 657 2782 Si
682 2723 908 2803 prohibuerunt,
932 2724 1013 2781 nulla
1037 2722 1074 2780 de

120 2817 227 2876 eadem
249 2839 283 2878 re
304 2819 335 2877 in
358 2820 486 2879 eundem
507 2821 588 2879 diem
610 2820 802 2888 consultatio;
823 2820 869 2876 sin
886 2820 1075 2896 permissum,

121 2912 320 2990 auspiciorum
333 2914 430 2972 adhuc
442 2914 516 2972 fides
531 2915 669 2991 exigitur.
710 2914 752 2971 Et
766 2913 839 2971 illud
853 2913 974 2989 quidem
987 2914 1076 2972 etiam

119 3006 168 3065 hic
177 3020 292 3077 notum,
303 3008 402 3065 avium
411 3027 499 3066 voces
510 3009 682 3085 volamsque
695 3006 878 3084 interrogare
890 3029 897 3064 :
920 3009 1076 3085 proprium

120 3100 226 3180 gentis,
248 3122 396 3179 equorum
418 3122 535 3180 quoque
555 3102 703 3180 praesagia
723 3121 758 3159 ao
780 3102 908 3159 monitus
934 3103 1075 3178 experiri.

121 3196 247 3256 Publice
258 3199 373 3256 aluntur
383 3196 490 3257 iisdem
500 3197 672 3256 nemoribus
682 3216 717 3253 ac
727 3195 803 3254 lucis
814 3195 943 3266 candidi,
952 3209 982 3254 et
994 3200 1076 3255 nullo

120 3293 238 3352 mortali
250 3313 340 3372 opere
352 3293 496 3352 contacti:
513 3313 588 3370 quos
597 3313 717 3371 pressos
728 3311 813 3351 sacro
824 3312 912 3350 curru
936 3294 1075 3352 sacerdus

116 3408 157 3448 ‚ao
172 3408 228 3447 rex
250 3391 298 3448 vel
314 3390 453 3468 princeps
471 3389 598 3448 civitatis
626 3388 811 3457 comitantur,
828 3388 1019 3467 hinnitusque
1041 3411 1075 3448 ac

121 3485 256 3544 fremitus
277 3486 440 3544 observant.
480 3485 549 3544 Nec
569 3485 624 3542 ulli
645 3484 779 3564 auspicio
799 3485 895 3563 major
913 3486 997 3556 fides,
1014 3507 1076 3543 non

121 3581 220 3640 solum
234 3582 313 3662 apud
329 3583 459 3661 plebem,
471 3580 524 3641 sed
539 3581 619 3660 apud
631 3600 783 3665 proceres,
796 3581 876 3660 apud
887 3574 1074 3642 sacerdotes:

122 3696 155 3736 se
172 3678 253 3736 enim
272 3678 421 3738 ministros
438 3678 572 3749 deorum,
586 3677 651 3736 illos
670 3678 805 3738 conscios
818 3690 931 3755 putant.
973 3679 1030 3737 Est
1046 3693 1076 3740 ot
