2400 4290
330 276 370 319 nn
391 276 680 321 annuamus—css.
702 276 910 321 xxia-xxva
1060 263 1101 322 1³

141 408 231 468 idem.
273 409 357 468 Nudi
362 408 503 487 juvenes,
512 410 619 487 quibus
629 408 661 467 id
671 411 702 469 lu
725 384 820 468 icium
832 423 885 480 est,
895 411 973 470 inter
983 410 1100 490 gladios

141 524 174 563 se
185 518 272 581 atque
283 504 405 564 infestas
414 505 543 564 frameas
556 507 633 563 saltu
638 505 763 582 jacrunt.
804 506 990 565 Exercitatio
1004 520 1099 566 artem

141 600 263 678 paravit,
276 599 495 661 arsdecorem:
515 620 579 661 non
600 600 631 659 in
644 613 790 676 quaestum
804 613 913 673 tamen,
924 614 1099 663 autmercs·

141 694 237 755 dam.
273 695 411 772 quamvis
445 693 568 753 audacis
589 694 718 754 lascivire
741 696 872 774 pretium
895 710 941 755 est
963 699 1100 776 voluptas

141 791 350 871 spectantium.
389 774 500 848 Aleim
515 789 608 867 (quod
622 790 745 869 mirere)
761 791 873 849 sobrii
865 805 945 850 inter
958 792 1035 852 seria
1048 813 1099 851 ex·

106 952 121 983 a
142 899 254 957 creent,
268 899 348 944 tanta
361 886 498 944 lucrandi
512 884 699 963 perdendive
713 887 892 959 temeritate
902 901 944 959 ut
954 909 1024 946 cum
1038 909 1099 947 om·

54 980 107 1077 μὶ
140 982 191 1039 uia
211 982 395 1051 defecerunt,
413 993 552 1039 extremo
575 1001 609 1038 ac
629 980 786 1039 novissimo
802 983 885 1060 jactu
906 983 943 1040 de
960 984 1100 1043 libertate

52 1072 95 1127 ’Ψ
141 1091 171 1136 et
186 1078 225 1136 de
239 1098 363 1156 corporo
378 1075 565 1135 contendant
605 1076 913 1136 Victusvoluntariam
927 1059 1111 1137 servitutem

55 1168 71 1237 ἰ’
142 1174 223 1231 adit:
250 1172 390 1252 quamvis
409 1170 1195 1278 Juvenror,quamvrsrobust1or,adlrgar1seoodm

43 1252 60 1299 ”³
30 1288 124 1379 ζμ,
141 1268 242 1343 venire
255 1267 375 1347 patitur.
417 1268 466 1325 Ea
479 1279 524 1325 est
537 1267 567 1322 in
582 1286 616 1323 re
631 1242 919 1346 pravaperviiacia:
941 1267 1097 1347 ipsifidem
1132 1232 1190 1321 va'i

21 1332 45 1368 ’
89 1359 92 1364 ’
141 1377 256 1422 vocant.
297 1363 408 1421 Servos
422 1361 600 1420 oond1t1on1s
609 1361 699 1439 huJus
709 1382 1111 1613 perssercta
968 1363 1099 1435 tradunt,

79 1479 82 1485 ·
142 1474 175 1518 ut
189 1479 222 1516 se
236 1480 355 1537 quoque
370 1458 486 1538 pudore
500 1458 632 1516 victoriae
647 1460 811 1517 exsolvant

181 1554 284 1612 XXV.
306 1554 423 1613 Ceteris
438 1553 539 1622 servis,
549 1553 653 1611 nomin
668 1567 770 1611 nostru
847 1575 940 1625 orem,
952 1548 1189 1691 discriptis&0

142 1649 353 1728 perfamiliam
367 1649 548 1717 ministeriis,
563 1660 695 1706 utuntur.
736 1649 829 1707 Suam
844 1650 971 1728 quisque
986 1652 1100 1723 sedem,
1155 1700 1181 1730 a

76 1730 104 1843 ξ
144 1766 211 1804 suos
227 1756 362 1824 penates
371 1745 459 1824 regit
500 1744 657 1803 Frumenti
678 1744 802 1802 modum
820 1744 967 1815 dominus,
982 1759 1033 1804 aut
1042 1767 1100 1827 pe·
1140 1742 1187 1831 {j}

62 1884 104 1931 tf
99 1842 231 1912 coris,
246 1855 297 1900 aut
318 1840 418 1911 vestis,
434 1853 466 1899 ut
488 1842 601 1914 colono,
615 1841 760 1918 injungit3
781 1853 812 1898 ct
833 1861 936 1900 servus
956 1830 1195 1925 hactenusqn'

22 1914 87 2021 s]
142 1950 234 2016 paret.
275 1937 386 1997 Cetera
399 1937 506 1995 domus
523 1936 621 1995 officia
637 1957 713 1994 uxor
730 1957 765 1996 ac
781 1936 869 1995 liberi
886 1951 1125 2042 essequunturss·
1135 1922 1152 1942 “

10 2050 17 2093 ι·
39 2060 53 2105 ,ι
143 2033 314 2092 Verberaro
337 2054 457 2092 servum
479 2053 514 2091 ac
530 2033 655 2091 vinculis
673 2045 703 2090 et
720 2044 812 2111 opere
829 2054 976 2105 coercere,
990 2055 1083 2094 rsru
1164 2040 1179 2044 “’

142 2130 289 2190 Occidere
298 2132 404 2200 solent,
415 2149 474 2187 non
485 2128 641 2208 disciplina
655 2141 686 2187 et
697 2129 864 2199 severitate,
876 2129 952 2188 sed
944 2145 1059 2210 rmpetu
1069 2144 1139 2215 et·

143 2231 196 2300 ira,
206 2243 239 2289 ut
249 2228 414 2299 inimicum,
425 2228 481 2287 nisi
490 2228 570 2306 quod
581 2228 711 2308 impune.
744 2228 892 2286 Libertini
902 2249 961 2286 non
972 2210 1158 2306 multumffi
1169 2244 1175 2255 ’
1187 2240 1192 2267 ¹

142 2346 233 2405 supra
243 2318 439 2401 'sornos,‘sunt,
450 2345 518 2382 raro
533 2324 652 2402 aliquod
663 2337 847 2384 momentum
862 2314 892 2383 iit
904 2325 1003 2396 domo,
1015 2348 1099 2393 uum-

142 2422 285 2500 quamjn
309 2421 443 2492 civitato3
475 2420 609 2499 exceptis
632 2420 788 2479 dumtaxat
810 2421 845 2478 iis
870 2422 1017 2499 gentibus,
1032 2444 1100 2500 quae

144 2530 317 2597 regnautur.
336 2517 406 2579 albi
421 2516 502 2575 enim
519 2528 550 2574 et
566 2535 659 2594 super
672 2517 818 2593 ingenuos
832 2529 863 2577 et
880 2537 970 2594 super
984 2519 1100 2576 nobiles
1123 2511 1133 2531 ⁸

145 2613 328 2674 ascendunt·
347 2611 428 2692 apud
443 2624 558 2671 ceteros
571 2611 702 2689 impares
712 2609 843 2669 libertini
856 2610 1000 2668 libertatis
1012 2632 1100 2690 argu·
1112 2616 1135 2689 ’,ᾗ
1145 2670 1161 2689 ..

10 2754 55 2815 ,εἰ
28 2719 278 2871 (lmentum
292 2720 369 2769 sunt.
1147 2710 1151 2719 ’
1188 2700 1198 2717 ’“

181 2804 300 2865 XXVI.
315 2805 418 2865 Fenus
301 2804 554 2915 agitare,
567 2801 638 2861 etin
649 2822 755 2861 usuras
767 2801 957 2873 extendere,
949 2815 1099 2881 ignotum.

48 2906 63 2933 ²'
93 2868 536 2991 idtique‘d
283 2922 379 2980 magis
393 2913 535 2968 servatur,
546 2899 673 2977 quamsi
685 2899 906 2977 vetitumessat.
946 2900 1032 2979 Agri,
1044 2921 1100 2979 pro

47 2992 268 3059 *dumeto
286 2999 443 3067 cultorum,
458 2998 495 3055 ab
512 2995 657 3055 universis
673 2996 703 3052 in
721 2980 801 3053 vidsss
805 3008 1009 3074 occupantur,
1024 3018 1126 3094 quos

142 3116 213 3154 mox
236 3095 316 3152 iuter
335 3114 367 3152 se
387 3092 553 3152 secundum
575 3091 779 3169 dignationem
797 3092 981 3170 partiuntur:
1005 3071 1126 3152 facili·

141 3204 233 3250 tatem
243 3189 392 3270 partiendi
406 3208 579 3268 camporum
593 3188 689 3266 spatia
699 3201 848 3268 praestant.
887 3191 971 3247 Arva
979 3210 1036 3268 per
1047 3210 1102 3248 an·
1099 3200 1115 3229 s
1117 3214 1123 3239 ι
1135 3228 1179 3277 M

143 3308 198 3346 nos
218 3297 350 3356 mutant;
377 3297 408 3343 et
427 3296 565 3363 superest
586 3303 675 3361 ager:
701 3304 757 3341 nac
778 3284 856 3343 enim
879 3304 946 3342 cum
964 3278 1130 3343 ubertate‘''

143 3396 174 3444 et
191 3381 383 3462 amplitudine
400 3379 455 3439 soli
470 3380 571 3438 labore
587 3378 780 3448 contendunt,
795 3393 828 3437 ut
841 3380 979 3458 pomaria
996 3400 1097 3438 conse·

141 3492 210 3539 rant
227 3492 258 3537 et
271 3490 355 3557 prata
371 3487 512 3555 separent
530 3488 561 3533 et
574 3476 675 3534 hortos
692 3476 807 3553 rigent:
829 3475 891 3532 sola
908 3488 995 3531 terrae
1012 3495 1098 3552 seges

142 3576 313 3655 imperatur.
353 3572 444 3631 Unde
465 3590 575 3630 annum
593 3590 711 3647 quoque
728 3570 827 3647 ipsum
848 3589 907 3626 uon
925 3570 956 3625 in
973 3569 1098 3630 totidem

142 3672 283 3751 digerunt
303 3669 437 3750 species:
461 3667 556 3727 hiems
578 3677 609 3725 et
625 3685 679 3724 ver
695 3676 726 3724 et
746 3678 833 3723 aestas
852 3664 1048 3740 intellectum,
1062 3685 1096 3728 ao
