2400 4290
261 263 263 267 ’
311 270 351 312 ns
372 268 666 313 unanima—cna.
686 270 938 317 xxxiia-xxxva
1069 260 1108 318 17

150 401 305 462 invidere:
325 422 418 482 snper
434 402 592 482 sexaginta
605 402 697 473 milia,
711 423 770 462 non
791 404 882 463 armis
901 406 1030 484 telisque
1046 407 1109 466 Ro·

150 499 255 570 inanis,
267 499 329 569 sed,
338 499 419 578 quod
433 499 672 577 magnificentius
687 513 739 569 est,
751 501 940 560 oblectationi
955 504 1109 582 oculisque

150 594 333 654 ceciderunt.
375 595 506 667 Maneat,
528 616 639 673 quaeso,
662 595 810 675 duretque
831 598 981 676 gentibus,
1002 600 1029 658 si
1049 621 1109 661 non

151 711 237 751 arnor
251 690 354 761 nostri,
372 703 402 750 at
418 704 498 751 certo
517 691 619 751 odium
635 693 700 765 sui3
721 693 849 771 quando,
863 696 1041 774 urgentibus
1053 697 1108 757 im·

149 787 227 867 perii
238 787 316 859 fatis,
330 787 404 846 nihil
415 788 480 867 jam
493 800 637 867 praestnre
650 787 770 848 fortuna
784 791 882 870 majus
895 804 1003 870 potest,
1017 814 1108 873 quarn

149 885 280 956 hostium
293 884 485 944 discordiam.
976 964 979 969 ι

190 980 342 1040 XXXIV.
362 981 558 1060 Angrivarios
578 993 610 1042 et
627 981 797 1043 Chamavos
813 1003 832 1042 a
845 995 933 1064 tergo
947 985 1108 1066 Dulgibini
1149 1014 1155 1024 ·

150 1089 182 1136 et
195 1077 341 1136 Chasuari
354 1077 488 1147 cludunt,
498 1078 626 1156 aliaeque
639 1091 752 1157 gantos,
761 1079 842 1138 haud
856 1081 982 1160 perinde
996 1103 1108 1144 memo·

149 1184 231 1234 ratae.
269 1171 409 1232 Afronte
418 1173 509 1233 Frisii
518 1173 681 1252 excipiunt.
722 1175 1109 1257 Majmdbuaminoribmque

149 1269 262 1330 Frisiis
270 1270 451 1328 vocabulum
462 1282 559 1329 estex
568 1268 657 1328 modo
666 1270 782 1331 virium.
815 1272 960 1352 Utraeque
971 1275 1107 1336 nationes

149 1385 244 1443 usque
265 1364 304 1424 ad
325 1385 471 1425 oceanum
483 1366 592 1426 Rheno
608 1381 824 1446 praetexuntur,
841 1370 1035 1449 ambiuntque
1052 1371 1106 1430 im·

54 1472 58 1477 ’
149 1482 268 1522 mensos
290 1462 414 1542 insuper
436 1463 520 1522 lacus
546 1471 578 1522 et
600 1463 746 1522 Romanis
773 1466 916 1525 classibus
942 1468 1107 1546 navigates.

150 1561 255 1641 Ipsum
268 1561 340 1638 quin
354 1560 445 1620 etiam
458 1579 605 1621 oceanum
617 1561 670 1619 illa
683 1561 879 1621 tentavimus:
901 1574 933 1621 et
946 1584 1106 1642 superesse

151 1657 248 1716 adhuc
264 1656 407 1717 Herculis
419 1658 581 1716 columnas
596 1656 678 1716 fama
693 1657 835 1736 vulgavit,
852 1658 915 1717 sive
936 1659 1008 1717 sdiit
1025 1659 1107 1718 Her·

150 1755 243 1824 cules,
258 1773 323 1824 seu,
337 1753 484 1832 quidquid
497 1753 609 1832 ubique
622 1753 813 1832 magnificum
827 1765 883 1825 est,
897 1752 928 1812 in
942 1754 1107 1815 claritatem

150 1850 218 1930 ejus
244 1849 357 1910 referre
381 1850 594 1910 consensimus.
639 1851 709 1909 Nec
730 1849 825 1909 defuit
848 1849 988 1910 audentia
1004 1851 1107 1912 Druso

74 2012 80 2017 ,
150 1947 350 2008 Gennanico:
370 1947 425 2006 sed
436 1947 547 2006 obstitit
557 1967 687 2006 oceanus
697 1947 728 2005 in
738 1967 771 2006 se
779 1947 871 2006 'simul
883 1959 972 2026 atque
984 1947 1016 2007 in
1027 1948 1107 2008 Her·
1164 1948 1167 1953 '

149 2043 381 2122 culeminqdiri.
422 2044 498 2103 Mox
507 2064 597 2103 nemo
607 2044 747 2116 tentavit,
769 2039 960 2124 sanctiusque
973 2065 1009 2106 ao
1021 2066 1107 2107 reve·

148 2141 262 2200 rentius
275 2141 373 2200 visum
387 2141 425 2199 de
439 2141 512 2200 actis
526 2141 652 2200 deorum
665 2141 787 2200 credere
802 2161 891 2219 qnam
904 2142 990 2201 scire.

189 2235 324 2295 XXXV.
341 2234 499 2294 Hactenus
509 2235 540 2294 in
550 2235 744 2296 Occidentem
754 2235 948 2296 Germaniam
961 2237 1105 2298 novimus.

150 2331 188 2390 In
204 2331 457 2411 Septemtn'onem
474 2332 588 2411 ingenti
602 2332 684 2391 flexu
704 2331 791 2391 redit.
831 2333 879 2391 Ac
893 2333 991 2412 primo
1007 2334 1106 2393 statim

149 2427 321 2487 Caucasum
337 2448 419 2507 gens,
434 2448 615 2507 quamquam
633 2427 757 2507 incipiat
774 2448 793 2487 a
805 2428 921 2499 Frisiis,
935 2449 971 2488 ac
988 2442 1105 2508 partem

148 2523 244 2582 litoris
259 2537 397 2604 occupet,
411 2524 554 2595 omnium,
570 2530 644 2603 quas
661 2526 796 2604 exposui,
811 2525 947 2603 gentium
960 2526 1105 2584 lateribus

150 2619 331 2690 obtenditur,
348 2620 446 2680 donec
468 2620 500 2679 in
518 2620 622 2680 Cattos
644 2640 742 2698 usque
764 2621 905 2679 sinuetur.
951 2619 1027 2678 Tam
1051 2621 1105 2679 im-

149 2735 289 2776 mensum
304 2729 450 2777 terrarum
468 2716 597 2796 spatium
613 2736 673 2774 non
687 2728 790 2781 tenent
803 2727 918 2773 tantum
931 2713 1037 2786 Cauci,
1051 2715 1106 2775 sed

150 2825 181 2871 et
201 2813 335 2893 implent,
349 2815 476 2893 populus
488 2813 569 2872 inter
585 2813 754 2871 Germanos
770 2810 980 2879 nobilissimus,
995 2811 1106 2889 quique

148 2909 385 2989 magnitudinem
401 2930 486 2969 suam
502 2909 586 2968 malit
597 2907 714 2990 justitia
729 2907 826 2967 tueri:
848 2906 913 2966 sine
931 2907 1106 2986 cupiditate,

78 2996 81 3001 ’
148 3004 213 3064 sine
232 3005 417 3085 impotenpia,
431 3005 526 3084 quieti
546 3005 723 3083 secretique,
739 3004 822 3063 nulla
837 3018 999 3083 provocant
1015 3006 1104 3077 bella,
1122 3038 1134 3057 ·

51 3096 66 3155 .’
148 3101 237 3160 nullis
253 3101 388 3181 raptibus
409 3115 461 3161 ant
477 3101 637 3162 latrociniis
650 3103 849 3182 populantur:
872 3101 964 3180 idque
982 3102 1105 3183 praecip-

149 3218 222 3257 unm
245 3198 362 3257 virtutis
389 3218 425 3257 ao
445 3198 553 3257 virium
581 3211 788 3277 argumentum
814 3210 867 3269 est,
888 3199 977 3276 quod,
998 3213 1032 3258 ut
1057 3219 1105 3257 su·
1192 3260 1195 3265 ,

147 3295 285 3375 pedores
302 3307 400 3376 agant,
416 3314 478 3355 non
495 3316 550 3376 per
565 3294 688 3375 injurias
706 3294 918 3374 adsequuntur.
979 3292 1104 3353 Promta

149 3404 252 3451 tamen
269 3392 404 3451 omnibns
421 3411 512 3462 arma,
527 3412 571 3461 ac,
587 3392 612 3450 si
632 3411 680 3450 res
697 3403 808 3470 poscat,
823 3390 989 3449 exercitus:
1011 3389 1103 3467 pluri-

148 3506 233 3546 mum
242 3487 373 3547 virorum
384 3507 602 3566 equorumque:
625 3500 655 3546 et
665 3486 888 3564 quiescentibus
898 3484 1004 3544 eadem
1015 3483 1103 3544 fama.

190 3582 342 3644 XXXVI.
369 3584 406 3644 In
422 3586 516 3643 latere
533 3584 705 3642 Oaucorum
723 3582 939 3658 Gattorumque
956 3580 1104 3641 Cherusci

148 3680 273 3741 nimiam
294 3702 330 3743 ac
348 3693 529 3742 marcentem
546 3679 599 3739 diu
619 3698 725 3759 pacem
746 3676 896 3737 illacessiti
913 3676 1100 3740 nutrienmt:
