2400 4290
119 225 161 283 86
406 241 432 281 c.
457 240 631 282 conuentus
653 240 796 283 naeuus.

45 368 75 443 ’,
119 372 253 433 civitates
277 372 438 450 Cogiduno
464 372 530 450 regi
553 372 670 431 donatae
694 372 731 450 (is
759 371 796 431 ad
819 383 950 431 nostram
976 393 1072 449 usquo

118 457 293 530 memoriam
301 468 459 527 fidissimus
468 469 588 545 mansit)
598 481 700 526 vetere
711 468 816 546 anjam
825 468 940 547 piidem
951 481 1073 545 recepta

118 562 230 642 Populi
240 563 369 622 Romani
383 563 609 634 consuetudine,
622 576 655 622 ut
665 563 792 621 haberet
802 562 999 621 instrumenta
1012 583 1072 620 ser·

117 659 218 719 vitatis
239 660 270 718 et
291 679 388 737 reges.
428 660 505 718 Mox
521 658 632 718 Didius
648 659 757 721 Gallus
778 671 863 736 parta
885 678 903 716 a
921 658 1073 737 prioribus

104 753 271 824 continuit,
282 755 387 833 paucis
401 754 561 813 admodum
576 754 707 813 castellis
720 754 751 811 iu
765 753 907 812 ulteriora
919 752 1072 832 promotis,

116 869 174 928 per
186 869 253 927 quae
266 849 347 909 fama
360 852 439 909 aucti
454 849 541 909 officii
556 862 746 928 quaereretur.
787 849 914 907 Didium
923 849 1073 907 Veranius

118 946 247 1024 excepit,
257 945 341 1024 isque
351 946 430 1004 intra
443 966 552 1006 annum
563 947 726 1004 exstinctus
741 958 793 1004 est
834 945 995 1003 Suetonius
1006 944 1074 1002 hinc

116 1039 263 1101 Paulinus
273 1042 394 1101 biennio
404 1037 562 1120 prosperas
576 1062 625 1100 res
638 1041 750 1110 habuit,
761 1040 891 1100 subactis
904 1040 1074 1099 nationibus

116 1135 302 1214 firmatisque
321 1136 486 1214 ptaesidiis:
507 1156 634 1213 quorum
655 1136 766 1194 fiducia
786 1136 911 1194 Monam
935 1136 1073 1203 insulam,

73 1278 76 1283 ,
117 1232 236 1290 utvires
245 1218 641 1300 rebellibusministrantem,
652 1251 820 1308 aggressus,
829 1244 915 1308 terga
923 1230 1073 1288 occasioni

40 1362 48 1405 ·.
115 1325 266 1405 patefecit.

64 1444 88 1481 ν
102 1434 129 1479 u·
155 1420 227 1480 XV.
252 1422 393 1499 Namque
414 1422 548 1480 absentia
568 1421 660 1498 legati
680 1434 797 1480 remoto
818 1434 908 1490 metu,
933 1421 1073 1478 Britanni

117 1517 235 1596 agitare
248 1517 328 1576 inter
340 1537 374 1576 se
389 1518 467 1575 mala
479 1517 640 1585 servitutis,
656 1516 789 1575 conferre
803 1517 926 1595 injurias
941 1528 971 1574 et
984 1516 1072 1574 inter·

114 1613 261 1692 pretaudo
279 1612 460 1673 accendere:
488 1613 565 1671 nidil
577 1611 686 1688 prefici
702 1613 861 1688 patientia,
876 1613 935 1671 nisi
950 1622 983 1670 ut
1000 1632 1072 1688 gra-

115 1713 375 1790 uiora,'tamquam
395 1733 429 1771 eu
441 1712 537 1791 sacili
557 1713 752 1781 tolerantibus,
770 1694 952 1788 imperitetur.
1004 1711 1072 1769 Sin-

111 1808 200 1884 gulos
218 1810 277 1868 sibi
298 1810 369 1868 olim
391 1829 471 1885 reges
479 1808 586 1887 fnisse,
600 1828 675 1866 nnnc
696 1808 777 1866 binos
797 1808 917 1884 imponi,
934 1828 948 1865 e
970 1807 1073 1885 quidus

115 1903 229 1979 legatus
248 1907 281 1964 in
299 1905 482 1980 sanguinem,
497 1915 672 1979 procurator
691 1905 723 1961 in
740 1902 816 1961 dona
836 1905 967 1975 saeviret:
995 1922 1073 1979 aque

115 1996 292 2056 discordiam
308 1999 539 2073 prepositorum,
560 2017 639 2073 aque
661 1997 851 2066 concordiam,
871 1997 1003 2075 subjectis
1026 2017 1072 2054 en-

113 2091 253 2150 itiosam:
280 2092 401 2153 attentus
419 2112 533 2159 manns,
547 2093 722 2150 centuriones
741 2093 870 2161 alterius,
883 2093 944 2150 uim
964 2103 991 2150 et
1009 2113 1072 2150 con-

114 2186 248 2245 tumelias
273 2188 396 2245 miscere.
454 2187 542 2245 Ntntt
562 2186 631 2264 jam
657 2184 823 2260 cupiditati,
848 2187 925 2244 nintt
951 2186 1092 2245 lihidini-

113 2291 267 2358 encsptum.
307 2281 344 2340 In
355 2281 461 2357 pradia
469 2281 627 2357 fortiorem
644 2301 709 2349 esse,
727 2282 778 2357 qni
793 2282 916 2356 spoliet:
938 2302 1012 2340 nanc
1031 2284 1071 2340 ab

12 2363 17 2370 '
112 2378 609 2457 nmvnpsnnnqneunsnnn
617 2377 1071 2454 enfanmnnmnnnnnn,

78 2514 87 2531 .
113 2476 231 2554 injungi
241 2475 371 2545 delectus,
383 2485 533 2552 tamquam
542 2475 617 2532 mori
627 2483 740 2532 tantum
748 2494 805 2550 pro
813 2475 918 2550 patria
927 2476 1072 2533 numenti-

113 2572 175 2631 bus.
222 2571 371 2649 Quantum
390 2571 466 2629 enim
487 2571 623 2629 transisse
646 2570 783 2640 militnm,
804 2572 831 2629 si
852 2591 911 2629 sese
931 2571 1072 2630 Britanni

112 2669 285 2728 annuant?
303 2669 345 2728 sic
359 2667 535 2727 Germanias
548 2668 698 2729 sumsisse
703 2666 822 2746 jugam,
836 2679 863 2726 et
867 2668 1002 2745 flamine,
1015 2688 1072 2726 non

113 2783 228 2835 oceano,
241 2764 377 2841 defendi:
399 2764 458 2822 sibi
466 2764 611 2839 patriam,
624 2763 765 2842 conjuges,
774 2775 910 2840 parentas
926 2765 987 2822 illis
1001 2784 1071 2822 aca-

112 2861 217 2919 titiam
236 2870 263 2917 et
284 2860 434 2917 lucanam
454 2860 558 2916 causas
574 2859 643 2916 tati
658 2879 735 2916 esse:
757 2879 921 2929 recessuros,
938 2870 970 2917 nt
987 2859 1072 2917 diuus

112 2954 213 3015 Julian
231 2955 395 3022 recessisset,
409 2953 494 3011 modo
514 2953 635 3010 virtutes
654 2953 798 3030 majorum
818 2973 935 3011 samm
951 2954 1071 3011 amala-

112 3058 219 3107 rcntur.
260 3048 341 3106 Nera
347 3047 449 3123 prelii
462 3047 547 3104 nnius
560 3055 613 3103 aut
625 3046 746 3103 alterins
756 3056 855 3104 euentu
869 3058 1071 3122 pavescant:

109 3143 180 3221 plns
188 3140 465 3218 inipetus,rnajorem
474 3141 675 3210 constantiam,
681 3160 769 3215 penes
778 3141 896 3199 miseros
905 3160 970 3199 esse.
999 3143 1071 3201 Jam

114 3239 325 3299 Britannorum
349 3237 439 3295 etiam
459 3235 525 3294 deos
548 3236 685 3304 munem,
708 3237 758 3312 qui
779 3236 948 3295 Romam
971 3236 1071 3297 ducem

114 3335 267 3405 demunt,
276 3333 328 3412 qui
336 3333 497 3409 relegatam
507 3333 539 3389 in
551 3331 615 3390 alia
626 3331 723 3390 insuia
734 3333 888 3391 ancisum
897 3331 1070 3392 detinerent:

113 3431 184 3511 jam
208 3431 294 3507 meos,
319 3429 395 3507 qnod
421 3427 623 3505 difficillimum
639 3427 748 3506 flectit,
773 3428 953 3487 deliberare.-
980 3450 1071 3506 porro

113 3528 148 3587 in
170 3526 309 3605 ejusnmdi
332 3524 458 3584 omnliu
477 3522 668 3601 periculosius
690 3544 748 3583 esee
771 3523 956 3602 deprehendi,
979 3545 1067 3604 qnam

114 3622 229 3684 audere
