2400 4290
405 123 446 263 Q
612 127 619 149 Ι

290 132 682 315 &danum
699 273 913 318 xxvnn-xxx.
1037 256 1104 325 ‘15

147 399 280 472 bescunt,
291 401 468 480 transgressi
477 402 550 461 olim
563 415 594 462 et
605 403 814 482 experimento
824 407 894 466 fidei
904 429 996 487 super
1006 410 1103 489 ipsam
1147 428 1150 433 ’

146 497 246 557 Rheni
259 496 356 576 ripam
369 497 514 568 collocati,
525 510 559 556 ut
572 513 715 570 arcerent,
727 521 786 559 non
800 514 833 560 ut
846 503 1072 565 custodirentur.

183 591 305 651 XXIX.
325 592 466 652 Omnium
483 593 588 651 harum
605 595 740 672 gentium
756 596 866 656 virtute
882 601 1030 680 praecipui
1044 603 1102 661 Ba·
1161 596 1179 647 =⁴='

145 688 214 758 tavi,
225 708 284 746 non
295 690 422 747 multum
433 709 472 746 ex
481 688 556 767 ripa,
565 690 619 748 sed
628 690 756 750 insulam
765 693 866 752 Rheni
876 696 978 766 amnis,
989 698 1101 769 colunt,

146 784 304 843 Gattorum
317 783 468 863 quondam
478 786 618 864 populus,
630 798 662 845 at
672 786 817 847 seditione
831 789 993 857 domestica
1006 792 1035 850 in
1050 813 1101 853 eas

144 879 232 939 sedes
245 892 457 958 mansgressus,
469 879 500 938 in
514 880 620 957 quibus
634 901 709 960 pars-
715 883 842 941 Romani
857 885 1101 963 imperiifiersnt.

73 1015 75 1019 -
146 975 251 1034 Manet
267 977 360 1034 honos
376 989 407 1034 et
423 975 553 1053 antiquas
570 976 718 1036 societatis
735 978 871 1057 insigne:
892 1001 962 1039 nam
978 984 1100 1042 nec-tri·

146 1070 225 1129 butis
252 1083 490 1141 contemnuntur,
516 1091 573 1130 nec
600 1072 776 1150 publicanus
807 1075 938 1135 adterit:
987 1078 1101 1137 exemti

147 1167 288 1225 oneribus
309 1180 340 1225 et
359 1166 578 1237 collationibus,
593 1180 624 1225 et
643 1181 759 1227 tantum
776 1169 806 1227 in
823 1190 912 1229 usum
927 1172 1101 1250 proeliorum

146 1261 267 1339 sepositi
278 1263 360 1321 velut
372 1263 433 1320 tela
449 1274 538 1340 atque
556 1282 648 1332 arma,
663 1263 747 1323 bohis
761 1279 957 1326 reservantur.
998 1268 1056 1327 Est
1069 1269 1101 1329 in

145 1357 253 1415 eodem
277 1357 421 1436 obsequio
445 1370 476 1416 et
498 1357 707 1418 Mattiacorum
734 1380 816 1438 gens.
866 1361 996 1421 Protulit
1018 1363 1100 1423 enirn

145 1455 318 1534 magnitudo
327 1455 439 1534 Populi
448 1455 578 1514 Romani
587 1456 824 1528 ultraRhenum,
836 1459 973 1537 ultraque
983 1472 1100 1519 veteres
1193 1494 1199 1502 =

145 1551 296 1623 terminos,
307 1551 426 1630 imperii
435 1551 643 1617 reverentiam.
684 1551 731 1611 Ita
742 1552 814 1612 sede
825 1553 991 1633 finibusque
1003 1555 1033 1613 in
1045 1575 1100 1614 sua

144 1646 219 1725 ripa,
234 1661 333 1705 mente
348 1647 505 1724 animoque
519 1646 674 1704 nobiscum
689 1659 793 1724 agunt,
803 1659 905 1706 cetera
917 1648 1027 1707 similes
1040 1651 1099 1709 Ba·

145 1743 228 1813 tavis,
242 1743 299 1801 nisi
312 1741 393 1821 quod
405 1743 471 1821 ipso
486 1742 584 1800 adhuc
598 1755 686 1800 terrae
703 1762 765 1801 suaa
780 1744 844 1800 solo
858 1754 888 1801 et
901 1745 988 1801 coelo
1002 1744 1100 1805 acrius

145 1837 320 1896 animantur.
362 1839 435 1897 Non
448 1837 668 1897 numeraverim
683 1837 761 1897 inter
774 1838 946 1897 Germaniae
960 1841 1099 1917 populos,

144 1953 324 2011 quamquam
339 1946 417 1992 trans
427 1933 568 1992 Rhenum
579 1933 813 2011 Danubiumque
827 1933 1021 2005 consederint,
1036 1955 1100 2007 eos,

42 2057 48 2067 ·
144 2029 195 2105 qui
206 2029 388 2088 Decumates
403 2049 489 2108 agros
503 2042 654 2087 exercent.
694 2028 879 2088 Levissimus
893 2029 1100 2109 quisqueGal-

145 2117 252 2195 lorum,
269 2137 299 2182 et
315 2124 417 2203 inopia
436 2123 543 2195 audax,
560 2124 659 2183 dubiae
674 2124 873 2202 possessionis
897 2128 993 2185 solum
1012 2147 1099 2186 occu·

143 2239 263 2298 pavere.
315 2221 392 2279 Mox
412 2211 514 2279 limite'
527 2233 593 2279 acto
614 2221 817 2299 promotisque
841 2222 998 2300 praesidiis,
1016 2223 1100 2283 sinus
1145 2270 1150 2277 .

145 2315 263 2393 imperii
277 2329 308 2374 et
321 2336 392 2393 pars
405 2316 567 2394 provinciae
581 2316 733 2374 habentur.

86 2449 92 2458 ·
182 2411 286 2470 XXX.
307 2411 396 2470 Ultra
408 2412 463 2470 hos
477 2411 558 2470 Catti
571 2411 686 2470 initium
704 2412 784 2470 sedis
798 2413 836 2470 ab
850 2412 1006 2490 Hercynio
1020 2416 1099 2474 saltu

145 2506 293 2578 inchoant,
309 2526 367 2565 non
387 2507 429 2565 ita
450 2507 549 2565 effusis
571 2527 606 2565 ac
628 2508 811 2588 palustribus
833 2508 918 2578 locis,
935 2521 970 2567 ut
991 2522 1099 2569 ceterae

145 2603 287 2673 civitates,
309 2602 341 2661 in
366 2623 437 2680 quas
459 2598 623 2661 Germania
644 2604 785 2682 patescit:
817 2603 923 2662 durant
950 2603 1099 2682 siquidem

146 2701 242 2769 colles,
257 2701 461 2779 paulatimque
474 2712 645 2770 rarescunt;
668 2712 699 2757 et
713 2699 818 2757 Cattos
833 2718 900 2756 suos
914 2699 1004 2756 saltus
1020 2699 1099 2758 Her·

145 2796 249 2874 cynius
268 2797 459 2876 prosequitur
478 2797 566 2856 simul
587 2808 675 2874 atque
693 2794 825 2873 deponit.
866 2793 996 2853 Duriora
1017 2796 1099 2874 genti
1133 2822 1137 2829 ¹

145 2912 278 2970 corpora,
292 2892 387 2951 stricti
404 2905 492 2962 artus,
505 2885 605 2950 minax
618 2893 727 2960 vultus,
741 2903 772 2949 et
787 2891 883 2970 major
900 2890 991 2949 animi
1004 2891 1097 2971 vigor.
1150 2960 1152 2964 y

145 2987 276 3045 Multum
293 2986 340 3067 (ut
359 2987 437 3046 inter
454 2987 633 3064 Germanos)
651 2986 771 3046 rationis
789 3006 824 3044 ac
844 2987 1002 3046 sollertiae:
1023 3008 1099 3066 prae·

144 3104 257 3163 ponere
277 3086 398 3156 electos,
415 3085 520 3144 audire
540 3084 724 3164 praepositos,
740 3104 829 3143 nosse
850 3083 976 3154 ordines,
992 3083 1097 3143 intelli·
1119 3117 1124 3125 ·

145 3200 217 3258 gero
231 3181 410 3252 occasiones,
421 3181 541 3240 differre
557 3180 696 3259 impetus,
708 3181 868 3260 disponere
883 3180 973 3250 diem,
986 3182 1097 3239 vallare

79 3310 86 3331 .
144 3287 274 3347 noctem,
288 3276 435 3336 fortunam
449 3277 526 3336 inter
539 3276 639 3346 dubia,
653 3276 792 3335 virtutem
806 3276 885 3334 inter
899 3289 980 3334 certa
995 3296 1097 3335 nume-

144 3390 231 3431 rare:
252 3371 391 3450 quodque
413 3372 605 3444 rarissimum,
617 3393 674 3431 nec
694 3371 752 3430 nisi
768 3373 913 3431 Romanae
935 3370 1098 3448 disciplinae

146 3489 330 3542 concessum,
353 3472 420 3551 plus
446 3491 592 3550 reponere
615 3471 645 3530 in
669 3471 756 3541 duce,
780 3491 870 3549 quam
897 3470 928 3527 in
955 3469 1099 3529 exercitu.
1141 3466 1145 3473 ‘

50 3571 63 3587 ⁹
145 3564 242 3625 Omne
255 3567 348 3626 robur
359 3567 390 3626 in
403 3567 515 3647 pedite,
529 3587 618 3646 quem
632 3586 724 3644 super
737 3586 820 3624 arma
829 3564 1012 3622 ferramentis
1027 3586 1098 3643 quo·

146 3680 205 3739 que
217 3673 249 3721 et
262 3661 356 3743 copiis
371 3676 502 3724 onerant.
541 3662 628 3722 Alios
642 3660 681 3720 ad
694 3660 833 3741 proelium
847 3659 890 3719 ire
904 3658 1017 3732 rideas,
1029 3661 1097 3722 Cat·
