2400 4290
372 281 412 321 on
435 278 726 323 cannarum-cnr.
750 280 861 322 ΗΠ.
1076 265 1096 323 7

138 415 197 473 alia
207 413 374 472 observatio
384 413 593 493 auspiciorum,
603 432 662 490 qua
672 413 807 491 gravium
815 414 961 471 bellorum
971 425 1096 473 eventus

138 512 304 590 explorant.
345 511 423 587 Ejus
445 509 551 588 gentis,
567 529 635 567 cum
656 528 714 585 qua
732 509 846 567 bellum
867 521 920 578 est,
936 508 1096 586 captivum,

126 626 259 684 -quoquo
267 605 357 663 modo
367 605 758 683 interceptum‚cumelect0
767 604 954 683 popularium
964 624 1096 673 suorum,
1139 605 1149 615 “

136 701 240 781 patriis
262 720 410 778 quemque
435 700 531 770 armis,
553 698 761 758 committunt:
791 698 917 758 victoria
937 700 1026 778 hujus
1047 700 1098 759 vel

136 784 217 867 lllius
231 817 286 877 pro
301 794 476 875 praejudicio
490 795 644 873 accipitur.

177 893 233 951 XI.
255 892 304 950 De
315 891 479 949 minoribus
487 892 577 949 rebus
586 890 737 969 principes
748 891 933 962 consultant;
955 891 993 949 de
1004 892 1096 971 mejo-

87 1055 102 1069 Ι,
154 988 220 1046 ‘bus
234 1007 352 1046 omnes:
368 986 414 1053 ‚ita
428 998 538 1055 temen,
548 997 581 1042 ut
595 1006 632 1043 ea
646 1005 774 1063 quoque,
784 1006 911 1063 quorum
926 1007 1019 1066 penes
1033 989 1096 1067 ple·

125 1009 207 1172 [em
218 1081 371 1141 arbitrium
382 1093 438 1151 est,
451 1080 530 1158 apud
540 1070 694 1159 principes
705 1094 933 1159 pertractentur.
968 1083 1096 1153 Coeunt,

139 1179 196 1237 nisi
207 1177 278 1256 quid
288 1177 443 1235 fortuitum
453 1188 484 1234 et
498 1176 629 1234 subitum
638 1175 786 1244 inciderit,
798 1177 887 1235 certis
899 1176 1015 1247 diebus,
1027 1198 1096 1236 cum

137 1287 188 1335 aut
204 1274 359 1333 inchoatur
371 1274 453 1342 luna,
467 1284 518 1330 aut
534 1272 693 1351 impletur:
713 1292 785 1330 nam
800 1272 923 1350 agendis
936 1274 1026 1332 rebus
1039 1275 1097 1333 hoc

139 1368 406 1449 auspicatissimum
417 1367 535 1426 initium
545 1368 678 1427 credunt.
720 1369 788 1428 Nec
799 1368 917 1428 dierum
929 1364 1096 1440 numerum,

139 1479 172 1525 ut
186 1486 250 1535 nos,
264 1465 319 1524 sed
334 1465 469 1524 noctium
483 1477 663 1544 computant.
705 1465 756 1525 Sic
771 1466 960 1535 constituunt,
974 1466 1016 1525 sic
1029 1486 1096 1526 cou-

140 1562 260 1634 dicunt,
288 1582 350 1620 nox
374 1561 486 1620 ducere
510 1561 591 1620 diem
612 1561 739 1621 videtur.
790 1562 871 1621 Illud
894 1584 934 1622 ex
956 1563 1096 1623 libertate

139 1657 253 1728 vitium,
268 1656 349 1736 quod
370 1677 429 1716 uon
449 1657 547 1726 simul,
561 1678 619 1715 nec
640 1670 673 1716 ut
688 1657 767 1736 jussi
787 1658 975 1728 conveniunt,
992 1660 1046 1718 sed
1066 1672 1098 1719 et

140 1755 214 1813 alter
225 1767 256 1812 et
267 1753 372 1813 tertius
385 1753 451 1813 dies
462 1753 648 1812 cunctatione
663 1753 833 1812 coeuntium
847 1754 1018 1813 absumitur.
1054 1755 1098 1813 Ut

139 1851 233 1909 turbae
253 1849 379 1929 placuit,¹
393 1848 554 1908 considunt
578 1849 692 1909 armati.
739 1849 900 1908 Silentium
921 1870 978 1929 per
1001 1870 1097 1909 sacer-

139 1945 234 2017 dotes,
248 1946 355 2024 quibus
369 1958 435 2004 tum
452 1958 483 2005 et
500 1945 659 2004 coercendi
671 1946 723 2025 jus
741 1958 795 2018 est,
808 1946 981 2027 imperatur.
1021 1948 1097 2007 Mox

139 2063 204 2113 rex,
214 2043 262 2101 vel
277 2041 428 2121 princeps,
439 2055 529 2120 prout
541 2054 613 2100 aetas
627 2043 745 2121 cuique,
756 2056 844 2122 prout
853 2037 999 2115 nobilitas,
1008 2057 1098 2123 prout

139 2138 232 2198 decus
244 2139 403 2218 bellorum,
416 2151 505 2217 prout
518 2137 659 2197 facundia
673 2151 725 2208 est,
741 2140 909 2208 audiuntur,
922 2140 1097 2200 auctoritate

141 2234 398 2312 suadendimagis,
408 2254 498 2312 quem
502 2233 631 2311 jubendi
640 2247 798 2314 potestate.
829 2235 862 2294 si
870 2235 1022 2314 displicuit
1031 2256 1097 2295 sen-

139 2330 239 2413 tentia,
251 2330 374 2390 fremitu
385 2329 620 2410 adspernantur3
642 2330 689 2388 sin
699 2331 820 2410 placuit,
831 2331 958 2390 frameas
969 2331 1096 2391 concuti·

138 2440 201 2486 unt.
239 2425 510 2486 Honoratissimum
525 2425 668 2486 adsensus
683 2448 779 2506 genus
793 2439 846 2499 est,
861 2427 949 2487 armis
962 2427 1096 2488 laudare.

178 2522 252 2581 XII.
283 2521 372 2581 Licet
395 2521 476 2600 apud
499 2522 655 2581 consilium
678 2543 818 2582 accusare
842 2543 962 2601 quoque
987 2535 1018 2581 et
1037 2522 1097 2583 dis·

140 2616 253 2676 crimen
264 2618 368 2696 capitis
379 2617 541 2678 intendere.
583 2618 746 2676 Distinctio
756 2639 912 2697 poenarum
926 2637 966 2675 ex
976 2617 1097 2678 delicto.

139 2713 313 2773 Proditores
320 2715 355 2772 'et
365 2696 532 2793 transfugas
544 2714 699 2773 arboribus
710 2714 911 2793 suspendunt:
930 2714 1055 2792 ignavos
1066 2727 1098 2779 et

139 2810 277 2869 imbelles
299 2822 331 2868 et
349 2829 477 2890 corpore
496 2810 623 2868 infames
641 2830 726 2868 coeno
744 2829 779 2868 ac
794 2809 913 2888 palude,
927 2809 1039 2890 injecta
1054 2811 1096 2870 in-

101 2936 105 2943 ·
140 2926 233 2986 super
246 2918 336 2976 crate,
352 2919 499 2984 mergunt.
540 2898 717 2965 Diversitad
723 2905 865 2986 supplicii
878 2906 950 2967 illuc
964 2905 1096 2987 respicit,
1147 2973 1149 2979 ,

32 3030 61 3037 ..
139 3016 292 3080 tamquam
300 3001 417 3081 scelera
430 3001 547 3061 ostendi
559 3015 702 3081 oporteat,
714 3002 786 3061 dum
798 3003 972 3083 puniuntur,
982 3002 1097 3082 flagitia

56 3088 63 3097 ⁵
140 3097 291 3157 abscondi.
341 3096 405 3157 Sed
427 3110 458 3156 et
480 3098 643 3158 levioribus
664 3098 781 3159 delictis
807 3120 862 3179 pro
883 3090 1096 3179 modo'poena.

139 3195 299 3272 Equorum
312 3213 516 3273 pecorumque
531 3215 656 3254 numero
671 3195 800 3255 convicti
814 3198 985 3255 multantur.
1019 3195 1097 3255 Pars

76 3344 81 3355 .
103 3276 108 3285 ⁹
122 3310 126 3319 “
139 3292 240 3359 multae
256 3290 332 3369 regi,
345 3290 395 3348 vel
412 3289 531 3360 civitati,
545 3311 615 3370 pars
632 3290 698 3370 ipsi,
712 3292 763 3369 qui
776 3291 952 3362 vindicatur,
965 3292 1014 3350 vel
1027 3310 1096 3368 pro·

139 3385 258 3467 pinquis
273 3387 338 3466 ejus
355 3386 527 3444 exsolvitur.
567 3387 732 3466 Eligantur
748 3388 780 3445 in
797 3386 903 3445 iisdem
917 3385 1049 3445 conciliis
1066 3397 1097 3443 et

140 3482 297 3562 principes,
312 3481 364 3560 qui
373 3482 444 3561 jura
456 3502 514 3560 per
526 3502 621 3561 pagos
634 3483 775 3561 vicosque
791 3473 926 3541 reddant.
967 3479 1096 3539 (lauteni

137 3578 263 3659 siugulis
279 3597 319 3638 ex
335 3579 425 3658 plebe
442 3577 574 3648 comites,
589 3577 744 3639 consilium
766 3577 855 3635 simul
875 3587 906 3635 et
927 3573 1095 3648 auctoritas,

107 3634 255 3753 meunt.
