<?xml version="1.0" encoding="UTF-8"?>
<!DOCTYPE html PUBLIC "-//W3C//DTD XHTML 1.0 Transitional//EN"
    "http://www.w3.org/TR/xhtml1/DTD/xhtml1-transitional.dtd">
<html xmlns="http://www.w3.org/1999/xhtml" xml:lang="en" lang="en">
 <head>
  <title>
</title>
<meta http-equiv="Content-Type" content="text/html;charset=utf-8" />
  <meta name='ocr-system' content='tesseract 3.04.00' />
  <meta name='ocr-capabilities' content='ocr_page ocr_carea ocr_par ocr_line ocrx_word'/>
</head>
<body>
  <div class='ocr_page' id='page_1' title='image "./germaniaandagri00boetgoog_0106.png"; bbox 0 0 2400 4290; ppageno 0'>
   <div class='ocr_carea' id='block_1_1' title="bbox 312 236 1066 323">
    <p class='ocr_par' dir='ltr' id='par_1_1' title="bbox 312 236 1066 323">
     <span class='ocr_line' id='line_1_1' title="bbox 312 236 1066 323; baseline 0.008 -6"><span class='ocrx_word' id='word_1_1' title='bbox 312 236 591 318; x_wconf 63' lang='lat' dir='ltr'><em>scarconn.sscsr.</em></span> <span class='ocrx_word' id='word_1_2' title='bbox 608 272 855 320; x_wconf 78' lang='lat' dir='ltr'><em>xxxru-xxxvr.</em></span> <span class='ocrx_word' id='word_1_3' title='bbox 1022 264 1066 323; x_wconf 73' lang='lat' dir='ltr'><em>st</em></span> 
     </span>
    </p>
   </div>
   <div class='ocr_carea' id='block_1_2' title="bbox 109 407 1067 1059">
    <p class='ocr_par' dir='ltr' id='par_1_2' title="bbox 109 407 1067 1059">
     <span class='ocr_line' id='line_1_2' title="bbox 111 407 1066 488; baseline 0.002 -21"><span class='ocrx_word' id='word_1_4' title='bbox 111 426 179 467; x_wconf 82' lang='lat' dir='ltr'><em>cora</em></span> <span class='ocrx_word' id='word_1_5' title='bbox 202 416 345 477; x_wconf 72' lang='lat' dir='ltr'><em>recensete,</em></span> <span class='ocrx_word' id='word_1_6' title='bbox 370 417 476 465; x_wconf 83' lang='lat' dir='ltr'><em>uestros</em></span> <span class='ocrx_word' id='word_1_7' title='bbox 498 407 592 466; x_wconf 80' lang='lat' dir='ltr'><em>aculm</em></span> <span class='ocrx_word' id='word_1_8' title='bbox 614 407 799 484; x_wconf 70' lang='lat' dir='ltr'><em>iuuwogate.</em></span> <span class='ocrx_word' id='word_1_9' title='bbox 845 409 876 468; x_wconf 81' lang='lat' dir='ltr'><em>It</em></span> <span class='ocrx_word' id='word_1_10' title='bbox 898 420 974 480; x_wconf 81' lang='lat' dir='ltr'><em>suut,</em></span> <span class='ocrx_word' id='word_1_11' title='bbox 996 412 1066 488; x_wconf 66' lang='lat' dir='ltr'><em>psas</em></span> 
     </span>
     <span class='ocr_line' id='line_1_3' title="bbox 109 501 1067 582; baseline 0.004 -20"><span class='ocrx_word' id='word_1_12' title='bbox 109 504 249 582; x_wconf 80' lang='lat' dir='ltr'><em>pronius</em></span> <span class='ocrx_word' id='word_1_13' title='bbox 256 522 342 572; x_wconf 83' lang='lat' dir='ltr'><em>anuo,</em></span> <span class='ocrx_word' id='word_1_14' title='bbox 350 520 440 560; x_wconf 86' lang='lat' dir='ltr'><em>unam</em></span> <span class='ocrx_word' id='word_1_15' title='bbox 448 501 674 580; x_wconf 82' lang='lat' dir='ltr'><em>legionemfurto</em></span> <span class='ocrx_word' id='word_1_16' title='bbox 680 505 770 562; x_wconf 75' lang='lat' dir='ltr'><em>usmis</em></span> <span class='ocrx_word' id='word_1_17' title='bbox 778 506 1067 581; x_wconf 64' lang='lat' dir='ltr'><em>aggressosstauors</em></span> 
     </span>
     <span class='ocr_line' id='line_1_4' title="bbox 111 598 1067 679; baseline 0.003 -22"><span class='ocrx_word' id='word_1_18' title='bbox 111 598 294 658; x_wconf 79' lang='lat' dir='ltr'><em>debellastis:</em></span> <span class='ocrx_word' id='word_1_19' title='bbox 312 598 338 656; x_wconf 81' lang='lat' dir='ltr'><em>ii</em></span> <span class='ocrx_word' id='word_1_20' title='bbox 351 607 504 656; x_wconf 71' lang='lat' dir='ltr'><em>utmorem</em></span> <span class='ocrx_word' id='word_1_21' title='bbox 518 598 729 678; x_wconf 55' lang='lat' dir='ltr'><em>Britannorum</em></span> <span class='ocrx_word' id='word_1_22' title='bbox 730 599 934 677; x_wconf 80' lang='lat' dir='ltr'><em>fugacissimi,</em></span> <span class='ocrx_word' id='word_1_23' title='bbox 948 601 1067 679; x_wconf 81' lang='lat' dir='ltr'><em>ideoque</em></span> 
     </span>
     <span class='ocr_line' id='line_1_5' title="bbox 111 692 1066 772; baseline 0.004 -19"><span class='ocrx_word' id='word_1_24' title='bbox 111 705 174 753; x_wconf 84' lang='lat' dir='ltr'><em>tam</em></span> <span class='ocrx_word' id='word_1_25' title='bbox 187 693 240 752; x_wconf 81' lang='lat' dir='ltr'><em>diu</em></span> <span class='ocrx_word' id='word_1_26' title='bbox 252 694 425 770; x_wconf 69' lang='lat' dir='ltr'><em>superstites.</em></span> <span class='ocrx_word' id='word_1_27' title='bbox 468 692 618 768; x_wconf 80' lang='lat' dir='ltr'><em>Quomodo</em></span> <span class='ocrx_word' id='word_1_28' title='bbox 631 694 722 752; x_wconf 86' lang='lat' dir='ltr'><em>siluas</em></span> <span class='ocrx_word' id='word_1_29' title='bbox 735 695 881 772; x_wconf 74' lang='lat' dir='ltr'><em>saltusque</em></span> <span class='ocrx_word' id='word_1_30' title='bbox 888 699 1066 772; x_wconf 73' lang='lat' dir='ltr'><em>pmenauts‘·</em></span> 
     </span>
     <span class='ocr_line' id='line_1_6' title="bbox 111 787 1066 869; baseline 0.005 -21"><span class='ocrx_word' id='word_1_31' title='bbox 111 790 163 848; x_wconf 84' lang='lat' dir='ltr'><em>bus</em></span> <span class='ocrx_word' id='word_1_32' title='bbox 171 787 371 869; x_wconf 80' lang='lat' dir='ltr'><em>fortissimum</em></span> <span class='ocrx_word' id='word_1_33' title='bbox 387 787 517 866; x_wconf 84' lang='lat' dir='ltr'><em>quodque</em></span> <span class='ocrx_word' id='word_1_34' title='bbox 535 789 650 848; x_wconf 77' lang='lat' dir='ltr'><em>aninml</em></span> <span class='ocrx_word' id='word_1_35' title='bbox 665 789 775 860; x_wconf 83' lang='lat' dir='ltr'><em>robore,</em></span> <span class='ocrx_word' id='word_1_36' title='bbox 788 791 906 867; x_wconf 83' lang='lat' dir='ltr'><em>panida</em></span> <span class='ocrx_word' id='word_1_37' title='bbox 919 802 947 850; x_wconf 88' lang='lat' dir='ltr'><em>et</em></span> <span class='ocrx_word' id='word_1_38' title='bbox 958 794 1066 853; x_wconf 82' lang='lat' dir='ltr'><em>inertia</em></span> 
     </span>
     <span class='ocr_line' id='line_1_7' title="bbox 110 885 1066 966; baseline 0.004 -22"><span class='ocrx_word' id='word_1_39' title='bbox 110 886 176 963; x_wconf 74' lang='lat' dir='ltr'><em>apsa</em></span> <span class='ocrx_word' id='word_1_40' title='bbox 188 885 316 962; x_wconf 55' lang='lat' dir='ltr'><em>Quinte</em></span> <span class='ocrx_word' id='word_1_41' title='bbox 328 904 395 943; x_wconf 86' lang='lat' dir='ltr'><em>sono</em></span> <span class='ocrx_word' id='word_1_42' title='bbox 404 885 565 961; x_wconf 84' lang='lat' dir='ltr'><em>pelluntur,</em></span> <span class='ocrx_word' id='word_1_43' title='bbox 573 885 615 943; x_wconf 83' lang='lat' dir='ltr'><em>sic</em></span> <span class='ocrx_word' id='word_1_44' title='bbox 628 886 766 944; x_wconf 73' lang='lat' dir='ltr'><strong><em>acerrimi</em></strong></span> <span class='ocrx_word' id='word_1_45' title='bbox 780 886 991 946; x_wconf 80' lang='lat' dir='ltr'><em>Britannorum</em></span> <span class='ocrx_word' id='word_1_46' title='bbox 994 887 1066 966; x_wconf 77' lang='lat' dir='ltr'><em>jans</em></span> 
     </span>
     <span class='ocr_line' id='line_1_8' title="bbox 111 980 1067 1059; baseline 0.002 -19"><span class='ocrx_word' id='word_1_47' title='bbox 111 982 231 1059; x_wconf 78' lang='lat' dir='ltr'><em>pridem</em></span> <span class='ocrx_word' id='word_1_48' title='bbox 243 980 421 1041; x_wconf 60' lang='lat' dir='ltr'><em>mederum.-</em></span> <span class='ocrx_word' id='word_1_49' title='bbox 438 980 567 1058; x_wconf 83' lang='lat' dir='ltr'><em>reliquus</em></span> <span class='ocrx_word' id='word_1_50' title='bbox 579 991 620 1040; x_wconf 85' lang='lat' dir='ltr'><em>est</em></span> <span class='ocrx_word' id='word_1_51' title='bbox 634 998 767 1040; x_wconf 76' lang='lat' dir='ltr'><em>nummus</em></span> <span class='ocrx_word' id='word_1_52' title='bbox 779 981 957 1058; x_wconf 57' lang='lat' dir='ltr'><em>mearum</em></span> <span class='ocrx_word' id='word_1_53' title='bbox 971 994 998 1042; x_wconf 90' lang='lat' dir='ltr'><em>et</em></span> <span class='ocrx_word' id='word_1_54' title='bbox 1009 1002 1067 1042; x_wconf 80' lang='lat' dir='ltr'><em>nne·</em></span> 
     </span>
    </p>
   </div>
   <div class='ocr_carea' id='block_1_3' title="bbox 41 1072 1169 1155">
    <p class='ocr_par' dir='ltr' id='par_1_3' title="bbox 41 1072 1169 1155">
     <span class='ocr_line' id='line_1_9' title="bbox 41 1072 1169 1155; baseline 0.001 -19"><span class='ocrx_word' id='word_1_55' title='bbox 41 1124 43 1129; x_wconf 87' lang='lat'><em>.</em></span> <span class='ocrx_word' id='word_1_56' title='bbox 111 1078 260 1147; x_wconf 81' lang='lat' dir='ltr'><em>tuentium,</em></span> <span class='ocrx_word' id='word_1_57' title='bbox 274 1094 344 1155; x_wconf 86' lang='lat' dir='ltr'><em>quas</em></span> <span class='ocrx_word' id='word_1_58' title='bbox 358 1077 434 1154; x_wconf 87' lang='lat' dir='ltr'><em>quod</em></span> <span class='ocrx_word' id='word_1_59' title='bbox 452 1072 570 1136; x_wconf 74' lang='lat' dir='ltr'><em>landun</em></span> <span class='ocrx_word' id='word_1_60' title='bbox 587 1077 746 1146; x_wconf 80' lang='lat' dir='ltr'><em>iuveuistt&#39;s,</em></span> <span class='ocrx_word' id='word_1_61' title='bbox 760 1079 1002 1150; x_wconf 85' lang='lat' dir='ltr'><em>nourestiterunt,</em></span> <span class='ocrx_word' id='word_1_62' title='bbox 1016 1079 1067 1137; x_wconf 84' lang='lat' dir='ltr'><em>sed</em></span> <span class='ocrx_word' id='word_1_63' title='bbox 1164 1090 1169 1097; x_wconf 88' lang='grc'><em>“</em></span> 
     </span>
    </p>
   </div>
   <div class='ocr_carea' id='block_1_4' title="bbox 36 1165 1143 3736">
    <p class='ocr_par' dir='ltr' id='par_1_4' title="bbox 110 1165 1107 1538">
     <span class='ocr_line' id='line_1_10' title="bbox 112 1165 1067 1250; baseline 0.004 -20"><span class='ocrx_word' id='word_1_64' title='bbox 112 1172 279 1249; x_wconf 70' lang='lat' dir='ltr'><em>deprehensi</em></span> <span class='ocrx_word' id='word_1_65' title='bbox 295 1183 362 1231; x_wconf 85' lang='lat' dir='ltr'><em>suut</em></span> <span class='ocrx_word' id='word_1_66' title='bbox 378 1165 634 1232; x_wconf 64' lang='lat' dir='ltr'><em>astruuntur&gt;</em></span> <span class='ocrx_word' id='word_1_67' title='bbox 654 1175 778 1232; x_wconf 63' lang='lat' dir='ltr'><em>mtrsmo</em></span> <span class='ocrx_word' id='word_1_68' title='bbox 795 1182 874 1232; x_wconf 83' lang='lat' dir='ltr'><em>metu</em></span> <span class='ocrx_word' id='word_1_69' title='bbox 886 1192 1005 1250; x_wconf 74' lang='lat' dir='ltr'><em>corpora</em></span> <span class='ocrx_word' id='word_1_70' title='bbox 1019 1174 1067 1234; x_wconf 84' lang='lat' dir='ltr'><em>de·</em></span> 
     </span>
     <span class='ocr_line' id='line_1_11' title="bbox 110 1267 1066 1345; baseline 0.002 -18"><span class='ocrx_word' id='word_1_71' title='bbox 110 1267 249 1344; x_wconf 75' lang='lat' dir='ltr'><em>ficeres&#39;n</em></span> <span class='ocrx_word' id='word_1_72' title='bbox 258 1268 306 1327; x_wconf 71' lang='lat' dir='ltr'><em>tis</em></span> <span class='ocrx_word' id='word_1_73' title='bbox 315 1269 499 1345; x_wconf 65' lang='lat' dir='ltr'><em>metganis</em></span> <span class='ocrx_word' id='word_1_74' title='bbox 510 1267 773 1345; x_wconf 72' lang='lat' dir='ltr'><em>quibuspuleltrunt</em></span> <span class='ocrx_word' id='word_1_75' title='bbox 782 1270 1000 1345; x_wconf 75' lang='lat' dir='ltr'><em>aspectabilem</em></span> <span class='ocrx_word' id='word_1_76' title='bbox 1009 1271 1066 1329; x_wconf 83' lang='lat' dir='ltr'><em>cic·</em></span> 
     </span>
     <span class='ocr_line' id='line_1_12' title="bbox 112 1358 1067 1441; baseline 0 -17"><span class='ocrx_word' id='word_1_77' title='bbox 112 1365 220 1424; x_wconf 83' lang='lat' dir='ltr'><em>tart&#39;am</em></span> <span class='ocrx_word' id='word_1_78' title='bbox 232 1363 359 1423; x_wconf 73' lang='lat' dir='ltr'><em>ederetis.</em></span> <span class='ocrx_word' id='word_1_79' title='bbox 405 1358 572 1440; x_wconf 68' lang='lat' dir='ltr'><em>lbausigu&#39;te</em></span> <span class='ocrx_word' id='word_1_80' title='bbox 584 1383 649 1422; x_wconf 72' lang='lat' dir='ltr'><em>mm</em></span> <span class='ocrx_word' id='word_1_81' title='bbox 662 1363 907 1440; x_wconf 66' lang='lat' dir='ltr'><em>expeditionibus:</em></span> <span class='ocrx_word' id='word_1_82' title='bbox 930 1364 1067 1441; x_wconf 76' lang='lat' dir='ltr'><em>imputate</em></span> 
     </span>
     <span class='ocr_line' id='line_1_13' title="bbox 113 1459 1107 1538; baseline 0.003 -20"><span class='ocrx_word' id='word_1_83' title='bbox 113 1460 328 1538; x_wconf 69' lang='lat' dir='ltr'><em>quinquaginta</em></span> <span class='ocrx_word' id='word_1_84' title='bbox 346 1460 433 1518; x_wconf 80' lang='lat' dir='ltr'><em>annis</em></span> <span class='ocrx_word' id='word_1_85' title='bbox 451 1479 592 1536; x_wconf 68' lang='lat' dir='ltr'><em>magmas</em></span> <span class='ocrx_word' id='word_1_86' title='bbox 610 1459 707 1518; x_wconf 74' lang='lat' dir='ltr'><em>dian:</em></span> <span class='ocrx_word' id='word_1_87' title='bbox 730 1460 890 1537; x_wconf 70' lang='lat' dir='ltr'><em>approbate</em></span> <span class='ocrx_word' id='word_1_88' title='bbox 902 1461 1067 1537; x_wconf 78' lang='lat' dir='ltr'><em>respublica</em></span> <span class='ocrx_word' id='word_1_89' title='bbox 1102 1518 1107 1531; x_wconf 90' lang='grc'><em>,</em></span> 
     </span>
    </p>

    <p class='ocr_par' dir='ltr' id='par_1_5' title="bbox 111 1555 1135 1714">
     <span class='ocr_line' id='line_1_14' title="bbox 112 1555 1135 1633; baseline 0.003 -20"><span class='ocrx_word' id='word_1_90' title='bbox 112 1568 260 1632; x_wconf 61' lang='lat' dir='ltr'><em>nmmum</em></span> <span class='ocrx_word' id='word_1_91' title='bbox 279 1555 415 1614; x_wconf 68' lang='lat' dir='ltr'><em>musitae</em></span> <span class='ocrx_word' id='word_1_92' title='bbox 432 1555 576 1632; x_wconf 81' lang='lat' dir='ltr'><em>imputari</em></span> <span class='ocrx_word' id='word_1_93' title='bbox 592 1556 720 1633; x_wconf 64' lang='lat' dir='ltr'><em>posuisse</em></span> <span class='ocrx_word' id='word_1_94' title='bbox 739 1566 792 1614; x_wconf 91' lang='lat' dir='ltr'><em>aut</em></span> <span class='ocrx_word' id='word_1_95' title='bbox 810 1572 907 1614; x_wconf 85' lang='lat' dir='ltr'><em>maras</em></span> <span class='ocrx_word' id='word_1_96' title='bbox 925 1557 995 1615; x_wconf 79' lang='lat' dir='ltr'><em>tettt</em></span> <span class='ocrx_word' id='word_1_97' title='bbox 1015 1567 1068 1616; x_wconf 90' lang='lat' dir='ltr'><em>aut</em></span> <span class='ocrx_word' id='word_1_98' title='bbox 1132 1583 1135 1589; x_wconf 93' lang='lat'>·</span> 
     </span>
     <span class='ocr_line' id='line_1_15' title="bbox 111 1650 1124 1714; baseline 0.002 -5"><span class='ocrx_word' id='word_1_99' title='bbox 111 1668 217 1709; x_wconf 72' lang='lat' dir='ltr'><em>musas</em></span> <span class='ocrx_word' id='word_1_100' title='bbox 231 1650 401 1714; x_wconf 78' lang='lat' dir='ltr'><em>rebellandi.</em></span> <span class='ocrx_word' id='word_1_101' title='bbox 1056 1701 1062 1710; x_wconf 87' lang='lat'><strong>.</strong></span> <span class='ocrx_word' id='word_1_102' title='bbox 1110 1688 1124 1711; x_wconf 23' lang='lat' dir='ltr'><em>a,</em></span> 
     </span>
    </p>

    <p class='ocr_par' dir='ltr' id='par_1_6' title="bbox 36 1743 1143 3353">
     <span class='ocr_line' id='line_1_16' title="bbox 152 1743 1069 1823; baseline 0.002 -20"><span class='ocrx_word' id='word_1_103' title='bbox 152 1745 288 1805; x_wconf 85' lang='lat' dir='ltr'>XXXV.</span> <span class='ocrx_word' id='word_1_104' title='bbox 307 1745 351 1805; x_wconf 83' lang='lat' dir='ltr'><em>Et</em></span> <span class='ocrx_word' id='word_1_105' title='bbox 366 1744 535 1823; x_wconf 76' lang='lat' dir='ltr'><em>alloquente</em></span> <span class='ocrx_word' id='word_1_106' title='bbox 555 1743 652 1804; x_wconf 87' lang='lat' dir='ltr'><em>adhuc</em></span> <span class='ocrx_word' id='word_1_107' title='bbox 667 1744 814 1822; x_wconf 79' lang='lat' dir='ltr'><strong>Agricola</strong></span> <span class='ocrx_word' id='word_1_108' title='bbox 829 1744 958 1803; x_wconf 86' lang='lat' dir='ltr'><em>militum</em></span> <span class='ocrx_word' id='word_1_109' title='bbox 979 1744 1069 1805; x_wconf 86' lang='lat' dir='ltr'><em>ardor</em></span> 
     </span>
     <span class='ocr_line' id='line_1_17' title="bbox 112 1839 1069 1918; baseline -0.004 -16"><span class='ocrx_word' id='word_1_110' title='bbox 112 1841 272 1912; x_wconf 84' lang='lat' dir='ltr'><em>eminebat,</em></span> <span class='ocrx_word' id='word_1_111' title='bbox 282 1853 314 1900; x_wconf 87' lang='lat' dir='ltr'><em>et</em></span> <span class='ocrx_word' id='word_1_112' title='bbox 323 1841 415 1900; x_wconf 88' lang='lat' dir='ltr'><em>finam</em></span> <span class='ocrx_word' id='word_1_113' title='bbox 426 1840 567 1900; x_wconf 89' lang='lat' dir='ltr'><em>orationis</em></span> <span class='ocrx_word' id='word_1_114' title='bbox 577 1840 684 1918; x_wconf 85' lang='lat' dir='ltr'><em>ingens</em></span> <span class='ocrx_word' id='word_1_115' title='bbox 695 1839 833 1899; x_wconf 83' lang='lat' dir='ltr'><em>alacritas</em></span> <span class='ocrx_word' id='word_1_116' title='bbox 843 1852 1002 1899; x_wconf 88' lang='lat' dir='ltr'><em>consecuta</em></span> <span class='ocrx_word' id='word_1_117' title='bbox 1012 1853 1069 1912; x_wconf 87' lang='lat' dir='ltr'><em>est,</em></span> 
     </span>
     <span class='ocr_line' id='line_1_18' title="bbox 113 1936 1070 2016; baseline -0.001 -19"><span class='ocrx_word' id='word_1_118' title='bbox 113 1937 275 2015; x_wconf 74' lang='lat' dir='ltr'><em>statimque</em></span> <span class='ocrx_word' id='word_1_119' title='bbox 291 1937 331 1996; x_wconf 86' lang='lat' dir='ltr'><em>ad</em></span> <span class='ocrx_word' id='word_1_120' title='bbox 347 1956 430 1996; x_wconf 88' lang='lat' dir='ltr'><em>arma</em></span> <span class='ocrx_word' id='word_1_121' title='bbox 445 1937 621 1997; x_wconf 80' lang='lat' dir='ltr'><em>discursum.</em></span> <span class='ocrx_word' id='word_1_122' title='bbox 661 1936 821 1996; x_wconf 86' lang='lat' dir='ltr'><em>Instinctos</em></span> <span class='ocrx_word' id='word_1_123' title='bbox 832 1949 1014 2016; x_wconf 86' lang='lat' dir='ltr'><em>ruentesque</em></span> <span class='ocrx_word' id='word_1_124' title='bbox 1027 1937 1070 1996; x_wconf 85' lang='lat' dir='ltr'><em>ita</em></span> 
     </span>
     <span class='ocr_line' id='line_1_19' title="bbox 114 2026 1068 2111; baseline -0.001 -20"><span class='ocrx_word' id='word_1_125' title='bbox 114 2032 270 2111; x_wconf 86' lang='lat' dir='ltr'><em>disposuit,</em></span> <span class='ocrx_word' id='word_1_126' title='bbox 281 2045 317 2091; x_wconf 88' lang='lat' dir='ltr'><em>ut</em></span> <span class='ocrx_word' id='word_1_127' title='bbox 331 2033 467 2111; x_wconf 88' lang='lat' dir='ltr'><em>peditum</em></span> <span class='ocrx_word' id='word_1_128' title='bbox 485 2032 607 2103; x_wconf 88' lang='lat' dir='ltr'><em>auxilia,</em></span> <span class='ocrx_word' id='word_1_129' title='bbox 622 2050 688 2110; x_wconf 84' lang='lat' dir='ltr'><em>quae</em></span> <span class='ocrx_word' id='word_1_130' title='bbox 705 2044 774 2092; x_wconf 89' lang='lat' dir='ltr'><em>octo</em></span> <span class='ocrx_word' id='word_1_131' title='bbox 790 2032 885 2091; x_wconf 89' lang='lat' dir='ltr'><em>millia</em></span> <span class='ocrx_word' id='word_1_132' title='bbox 901 2026 992 2102; x_wconf 85' lang='lat' dir='ltr'><em>erant,</em></span> <span class='ocrx_word' id='word_1_133' title='bbox 1006 2050 1068 2091; x_wconf 89' lang='lat' dir='ltr'><em>me·</em></span> 
     </span>
     <span class='ocr_line' id='line_1_20' title="bbox 114 2126 1069 2206; baseline 0.001 -20"><span class='ocrx_word' id='word_1_134' title='bbox 114 2127 197 2187; x_wconf 89' lang='lat' dir='ltr'><em>diam</em></span> <span class='ocrx_word' id='word_1_135' title='bbox 213 2126 309 2187; x_wconf 87' lang='lat' dir='ltr'><em>aciem</em></span> <span class='ocrx_word' id='word_1_136' title='bbox 325 2128 484 2199; x_wconf 89' lang='lat' dir='ltr'><em>firmarent,</em></span> <span class='ocrx_word' id='word_1_137' title='bbox 499 2128 633 2206; x_wconf 87' lang='lat' dir='ltr'><em>equitum</em></span> <span class='ocrx_word' id='word_1_138' title='bbox 645 2128 703 2187; x_wconf 87' lang='lat' dir='ltr'><em>tria</em></span> <span class='ocrx_word' id='word_1_139' title='bbox 716 2127 811 2187; x_wconf 87' lang='lat' dir='ltr'><em>millia</em></span> <span class='ocrx_word' id='word_1_140' title='bbox 824 2127 961 2187; x_wconf 84' lang='lat' dir='ltr'><em>cornibus</em></span> <span class='ocrx_word' id='word_1_141' title='bbox 977 2126 1069 2187; x_wconf 83' lang='lat' dir='ltr'><em>affun-</em></span> 
     </span>
     <span class='ocr_line' id='line_1_21' title="bbox 113 2204 1069 2303; baseline 0.002 -22"><span class='ocrx_word' id='word_1_142' title='bbox 113 2222 271 2284; x_wconf 87' lang='lat' dir='ltr'><em>derentur:</em></span> <span class='ocrx_word' id='word_1_143' title='bbox 284 2223 419 2302; x_wconf 82' lang='lat' dir='ltr'><em>legiones</em></span> <span class='ocrx_word' id='word_1_144' title='bbox 429 2224 573 2303; x_wconf 84' lang='lat' dir='ltr'><em>provallo</em></span> <span class='ocrx_word' id='word_1_145' title='bbox 584 2204 821 2302; x_wconf 53' lang='lat' dir='ltr'><em>stetereing&#39;ene</em></span> <span class='ocrx_word' id='word_1_146' title='bbox 831 2224 1069 2291; x_wconf 76' lang='lat' dir='ltr'><em>victoriasdecus</em></span> 
     </span>
     <span class='ocr_line' id='line_1_22' title="bbox 115 2318 1069 2397; baseline 0 -19"><span class='ocrx_word' id='word_1_147' title='bbox 115 2319 191 2379; x_wconf 87' lang='lat' dir='ltr'><em>citra</em></span> <span class='ocrx_word' id='word_1_148' title='bbox 207 2319 379 2378; x_wconf 81' lang='lat' dir='ltr'><em>Romanum</em></span> <span class='ocrx_word' id='word_1_149' title='bbox 395 2319 573 2397; x_wconf 85' lang='lat' dir='ltr'><em>sanguinem</em></span> <span class='ocrx_word' id='word_1_150' title='bbox 586 2319 721 2388; x_wconf 81' lang='lat' dir='ltr'><em>bellanti,</em></span> <span class='ocrx_word' id='word_1_151' title='bbox 735 2330 766 2377; x_wconf 89' lang='lat' dir='ltr'><em>et</em></span> <span class='ocrx_word' id='word_1_152' title='bbox 779 2318 924 2377; x_wconf 87' lang='lat' dir='ltr'><em>auxilium</em></span> <span class='ocrx_word' id='word_1_153' title='bbox 938 2319 963 2376; x_wconf 88' lang='lat' dir='ltr'><em>si</em></span> <span class='ocrx_word' id='word_1_154' title='bbox 976 2321 1069 2397; x_wconf 84' lang='lat' dir='ltr'><em>pelle·</em></span> 
     </span>
     <span class='ocr_line' id='line_1_23' title="bbox 112 2412 1069 2492; baseline -0.002 -18"><span class='ocrx_word' id='word_1_155' title='bbox 112 2426 226 2474; x_wconf 85' lang='lat' dir='ltr'><em>rentur.</em></span> <span class='ocrx_word' id='word_1_156' title='bbox 266 2412 480 2474; x_wconf 85' lang='lat' dir='ltr'><em>Britannorum</em></span> <span class='ocrx_word' id='word_1_157' title='bbox 489 2413 579 2483; x_wconf 90' lang='lat' dir='ltr'><em>acies,</em></span> <span class='ocrx_word' id='word_1_158' title='bbox 587 2413 618 2472; x_wconf 93' lang='lat' dir='ltr'><em>in</em></span> <span class='ocrx_word' id='word_1_159' title='bbox 628 2414 760 2492; x_wconf 88' lang='lat' dir='ltr'><em>speciem</em></span> <span class='ocrx_word' id='word_1_160' title='bbox 771 2414 1069 2486; x_wconf 87' lang='lat' dir='ltr'><em>simulacterrorem,</em></span> 
     </span>
     <span class='ocr_line' id='line_1_24' title="bbox 36 2509 1070 2588; baseline -0.003 -17"><span class='ocrx_word' id='word_1_161' title='bbox 36 2564 43 2571; x_wconf 95' lang='lat'><em>.</em></span> <span class='ocrx_word' id='word_1_162' title='bbox 115 2511 293 2572; x_wconf 81' lang='lat' dir='ltr'><em>editioribus</em></span> <span class='ocrx_word' id='word_1_163' title='bbox 308 2511 382 2570; x_wconf 88' lang='lat' dir='ltr'><em>locis</em></span> <span class='ocrx_word' id='word_1_164' title='bbox 399 2509 571 2570; x_wconf 81' lang='lat' dir='ltr'><em>constiterat</em></span> <span class='ocrx_word' id='word_1_165' title='bbox 587 2510 639 2580; x_wconf 92' lang='lat' dir='ltr'><em>ita,</em></span> <span class='ocrx_word' id='word_1_166' title='bbox 652 2521 686 2568; x_wconf 87' lang='lat' dir='ltr'><em>ut</em></span> <span class='ocrx_word' id='word_1_167' title='bbox 701 2509 832 2588; x_wconf 88' lang='lat' dir='ltr'><em>primum</em></span> <span class='ocrx_word' id='word_1_168' title='bbox 845 2528 957 2588; x_wconf 82' lang='lat' dir='ltr'><em>agmen</em></span> <span class='ocrx_word' id='word_1_169' title='bbox 972 2529 1070 2588; x_wconf 87' lang='lat' dir='ltr'><em>aequo,</em></span> 
     </span>
     <span class='ocr_line' id='line_1_25' title="bbox 113 2604 1143 2686; baseline -0.009 -15"><span class='ocrx_word' id='word_1_170' title='bbox 113 2606 209 2671; x_wconf 70' lang='lat' dir='ltr'><em>oeten</em></span> <span class='ocrx_word' id='word_1_171' title='bbox 218 2626 274 2686; x_wconf 81' lang='lat' dir='ltr'><em>per</em></span> <span class='ocrx_word' id='word_1_172' title='bbox 283 2607 397 2666; x_wconf 85' lang='lat' dir='ltr'><em>acclive</em></span> <span class='ocrx_word' id='word_1_173' title='bbox 405 2607 518 2686; x_wconf 82' lang='lat' dir='ltr'><em>jugum</em></span> <span class='ocrx_word' id='word_1_174' title='bbox 529 2605 955 2682; x_wconf 78' lang='lat' dir='ltr'><em>connexivalutinsurgerent3</em></span> <span class='ocrx_word' id='word_1_175' title='bbox 969 2604 1071 2663; x_wconf 86' lang='lat' dir='ltr'><em>media</em></span> <span class='ocrx_word' id='word_1_176' title='bbox 1140 2634 1143 2639; x_wconf 93' lang='lat'>·</span> 
     </span>
     <span class='ocr_line' id='line_1_26' title="bbox 116 2692 1070 2780; baseline -0.003 -19"><span class='ocrx_word' id='word_1_177' title='bbox 116 2702 215 2780; x_wconf 83' lang='lat' dir='ltr'><em>campi</em></span> <span class='ocrx_word' id='word_1_178' title='bbox 225 2700 392 2765; x_wconf 78' lang='lat' dir='ltr'><em>scrinarius</em></span> <span class='ocrx_word' id='word_1_179' title='bbox 405 2713 437 2760; x_wconf 89' lang='lat' dir='ltr'><em>et</em></span> <span class='ocrx_word' id='word_1_180' title='bbox 449 2719 540 2778; x_wconf 85' lang='lat' dir='ltr'><em>eques</em></span> <span class='ocrx_word' id='word_1_181' title='bbox 554 2700 681 2778; x_wconf 85' lang='lat' dir='ltr'><em>strepitu</em></span> <span class='ocrx_word' id='word_1_182' title='bbox 696 2719 731 2758; x_wconf 90' lang='lat' dir='ltr'><em>ac</em></span> <span class='ocrx_word' id='word_1_183' title='bbox 744 2697 881 2757; x_wconf 86' lang='lat' dir='ltr'><em>discursu</em></span> <span class='ocrx_word' id='word_1_184' title='bbox 891 2692 1070 2776; x_wconf 83' lang='lat' dir='ltr'><em>complebat.</em></span> 
     </span>
     <span class='ocr_line' id='line_1_27' title="bbox 117 2792 1070 2876; baseline -0.003 -20"><span class='ocrx_word' id='word_1_185' title='bbox 117 2797 198 2856; x_wconf 85' lang='lat' dir='ltr'><em>Tum</em></span> <span class='ocrx_word' id='word_1_186' title='bbox 210 2797 364 2876; x_wconf 84' lang='lat' dir='ltr'><em>Agricola,</em></span> <span class='ocrx_word' id='word_1_187' title='bbox 377 2808 538 2876; x_wconf 81' lang='lat' dir='ltr'><em>superante</em></span> <span class='ocrx_word' id='word_1_188' title='bbox 550 2795 679 2854; x_wconf 89' lang='lat' dir='ltr'><em>hostium</em></span> <span class='ocrx_word' id='word_1_189' title='bbox 695 2792 894 2864; x_wconf 89' lang='lat' dir='ltr'><em>multitudine,</em></span> <span class='ocrx_word' id='word_1_190' title='bbox 907 2793 1018 2852; x_wconf 87' lang='lat' dir='ltr'><em>veritus</em></span> <span class='ocrx_word' id='word_1_191' title='bbox 1030 2810 1070 2853; x_wconf 92' lang='lat' dir='ltr'><em>ne</em></span> 
     </span>
     <span class='ocr_line' id='line_1_28' title="bbox 114 2889 1069 2968; baseline 0 -20"><span class='ocrx_word' id='word_1_192' title='bbox 114 2889 206 2948; x_wconf 85' lang='lat' dir='ltr'><em>simul</em></span> <span class='ocrx_word' id='word_1_193' title='bbox 220 2890 253 2948; x_wconf 91' lang='lat' dir='ltr'><em>in</em></span> <span class='ocrx_word' id='word_1_194' title='bbox 268 2889 400 2951; x_wconf 86' lang='lat' dir='ltr'><em>frontem</em></span> <span class='ocrx_word' id='word_1_195' title='bbox 417 2890 506 2949; x_wconf 87' lang='lat' dir='ltr'><em>simul</em></span> <span class='ocrx_word' id='word_1_196' title='bbox 522 2901 554 2948; x_wconf 90' lang='lat' dir='ltr'><em>et</em></span> <span class='ocrx_word' id='word_1_197' title='bbox 568 2891 665 2948; x_wconf 84' lang='lat' dir='ltr'><em>lutera</em></span> <span class='ocrx_word' id='word_1_198' title='bbox 680 2906 800 2947; x_wconf 83' lang='lat' dir='ltr'><em>suorum</em></span> <span class='ocrx_word' id='word_1_199' title='bbox 816 2902 1008 2968; x_wconf 81' lang='lat' dir='ltr'><em>pugnaretur,</em></span> <span class='ocrx_word' id='word_1_200' title='bbox 1025 2889 1069 2948; x_wconf 91' lang='lat' dir='ltr'><em>di-</em></span> 
     </span>
     <span class='ocr_line' id='line_1_29' title="bbox 115 2982 1115 3064; baseline 0.003 -21"><span class='ocrx_word' id='word_1_201' title='bbox 115 2982 215 3045; x_wconf 87' lang='lat' dir='ltr'><em>ductis</em></span> <span class='ocrx_word' id='word_1_202' title='bbox 227 2985 392 3057; x_wconf 78' lang='lat' dir='ltr'><em>ordinibus,</em></span> <span class='ocrx_word' id='word_1_203' title='bbox 406 3004 585 3063; x_wconf 86' lang='lat' dir='ltr'><em>quamquam</em></span> <span class='ocrx_word' id='word_1_204' title='bbox 603 2985 768 3064; x_wconf 78' lang='lat' dir='ltr'><em>porrectior</em></span> <span class='ocrx_word' id='word_1_205' title='bbox 784 2983 864 3044; x_wconf 87' lang='lat' dir='ltr'><em>acies</em></span> <span class='ocrx_word' id='word_1_206' title='bbox 880 2985 980 3045; x_wconf 78' lang='lat' dir='ltr'><em>fissura</em></span> <span class='ocrx_word' id='word_1_207' title='bbox 996 2998 1068 3058; x_wconf 89' lang='lat' dir='ltr'><em>erat,</em></span> <span class='ocrx_word' id='word_1_208' title='bbox 1111 3030 1115 3035; x_wconf 77' lang='lat'><strong>·</strong></span> 
     </span>
     <span class='ocr_line' id='line_1_30' title="bbox 115 3080 1070 3162; baseline 0.002 -23"><span class='ocrx_word' id='word_1_209' title='bbox 115 3092 147 3139; x_wconf 89' lang='lat' dir='ltr'><em>et</em></span> <span class='ocrx_word' id='word_1_210' title='bbox 158 3081 343 3140; x_wconf 82' lang='lat' dir='ltr'><em>arcessendas</em></span> <span class='ocrx_word' id='word_1_211' title='bbox 354 3081 493 3161; x_wconf 80' lang='lat' dir='ltr'><em>plenique</em></span> <span class='ocrx_word' id='word_1_212' title='bbox 505 3082 630 3158; x_wconf 79' lang='lat' dir='ltr'><em>legiones</em></span> <span class='ocrx_word' id='word_1_213' title='bbox 644 3080 850 3153; x_wconf 87' lang='lat' dir='ltr'><em>admonebant,</em></span> <span class='ocrx_word' id='word_1_214' title='bbox 866 3082 1015 3162; x_wconf 89' lang='lat' dir='ltr'><em>promtior</em></span> <span class='ocrx_word' id='word_1_215' title='bbox 1036 3083 1070 3141; x_wconf 88' lang='lat' dir='ltr'><em>in</em></span> 
     </span>
     <span class='ocr_line' id='line_1_31' title="bbox 113 3176 1070 3257; baseline 0.005 -23"><span class='ocrx_word' id='word_1_216' title='bbox 113 3194 201 3255; x_wconf 88' lang='lat' dir='ltr'><em>spem</em></span> <span class='ocrx_word' id='word_1_217' title='bbox 218 3189 250 3236; x_wconf 87' lang='lat' dir='ltr'><em>et</em></span> <span class='ocrx_word' id='word_1_218' title='bbox 265 3177 370 3238; x_wconf 86' lang='lat' dir='ltr'><em>firmus</em></span> <span class='ocrx_word' id='word_1_219' title='bbox 386 3177 527 3248; x_wconf 86' lang='lat' dir='ltr'><em>adversis,</em></span> <span class='ocrx_word' id='word_1_220' title='bbox 540 3176 662 3236; x_wconf 90' lang='lat' dir='ltr'><em>dimisso</em></span> <span class='ocrx_word' id='word_1_221' title='bbox 678 3196 756 3255; x_wconf 90' lang='lat' dir='ltr'><em>equo</em></span> <span class='ocrx_word' id='word_1_222' title='bbox 768 3177 863 3257; x_wconf 87' lang='lat' dir='ltr'><em>pedes</em></span> <span class='ocrx_word' id='word_1_223' title='bbox 877 3192 945 3238; x_wconf 88' lang='lat' dir='ltr'><em>anta</em></span> <span class='ocrx_word' id='word_1_224' title='bbox 958 3179 1070 3239; x_wconf 86' lang='lat' dir='ltr'><em>vexilla</em></span> 
     </span>
     <span class='ocr_line' id='line_1_32' title="bbox 111 3271 647 3353; baseline 0 -22"><span class='ocrx_word' id='word_1_225' title='bbox 111 3271 253 3332; x_wconf 75' lang='lat' dir='ltr'><em>constitit.</em></span> <span class='ocrx_word' id='word_1_226' title='bbox 636 3341 647 3353; x_wconf 46' lang='lat'><strong>·</strong></span> 
     </span>
    </p>

    <p class='ocr_par' dir='ltr' id='par_1_7' title="bbox 113 3368 1069 3736">
     <span class='ocr_line' id='line_1_33' title="bbox 155 3368 1068 3449; baseline 0 -21"><span class='ocrx_word' id='word_1_227' title='bbox 155 3368 307 3428; x_wconf 84' lang='lat' dir='ltr'>XXXVI.</span> <span class='ocrx_word' id='word_1_228' title='bbox 326 3371 375 3429; x_wconf 90' lang='lat' dir='ltr'><em>Ac</em></span> <span class='ocrx_word' id='word_1_229' title='bbox 394 3370 491 3449; x_wconf 86' lang='lat' dir='ltr'><em>primo</em></span> <span class='ocrx_word' id='word_1_230' title='bbox 508 3388 671 3448; x_wconf 84' lang='lat' dir='ltr'><em>congressu</em></span> <span class='ocrx_word' id='word_1_231' title='bbox 687 3369 803 3430; x_wconf 89' lang='lat' dir='ltr'><em>eminus</em></span> <span class='ocrx_word' id='word_1_232' title='bbox 824 3371 1009 3430; x_wconf 70' lang='lat' dir='ltr'><em>certabaturs</em></span> <span class='ocrx_word' id='word_1_233' title='bbox 1031 3370 1068 3429; x_wconf 91' lang='lat' dir='ltr'><em>si·</em></span> 
     </span>
     <span class='ocr_line' id='line_1_34' title="bbox 115 3463 1069 3544; baseline 0.003 -23"><span class='ocrx_word' id='word_1_234' title='bbox 115 3463 181 3523; x_wconf 89' lang='lat' dir='ltr'><em>mul</em></span> <span class='ocrx_word' id='word_1_235' title='bbox 195 3465 368 3537; x_wconf 87' lang='lat' dir='ltr'><em>constantia,</em></span> <span class='ocrx_word' id='word_1_236' title='bbox 382 3465 470 3525; x_wconf 87' lang='lat' dir='ltr'><em>simul</em></span> <span class='ocrx_word' id='word_1_237' title='bbox 488 3478 552 3525; x_wconf 88' lang='lat' dir='ltr'><em>arte</em></span> <span class='ocrx_word' id='word_1_238' title='bbox 568 3466 714 3536; x_wconf 87' lang='lat' dir='ltr'><em>Britanni,</em></span> <span class='ocrx_word' id='word_1_239' title='bbox 728 3465 899 3544; x_wconf 85' lang='lat' dir='ltr'><em>ingentibus</em></span> <span class='ocrx_word' id='word_1_240' title='bbox 912 3464 1021 3542; x_wconf 81' lang='lat' dir='ltr'><em>gladiis</em></span> <span class='ocrx_word' id='word_1_241' title='bbox 1038 3477 1069 3524; x_wconf 88' lang='lat' dir='ltr'><em>et</em></span> 
     </span>
     <span class='ocr_line' id='line_1_35' title="bbox 118 3559 1068 3632; baseline 0.001 -14"><span class='ocrx_word' id='word_1_242' title='bbox 118 3559 260 3619; x_wconf 79' lang='lat' dir='ltr'><em>brevibus</em></span> <span class='ocrx_word' id='word_1_243' title='bbox 280 3561 375 3632; x_wconf 87' lang='lat' dir='ltr'><em>cetris,</em></span> <span class='ocrx_word' id='word_1_244' title='bbox 396 3561 522 3621; x_wconf 87' lang='lat' dir='ltr'><em>missilia</em></span> <span class='ocrx_word' id='word_1_245' title='bbox 541 3573 713 3620; x_wconf 89' lang='lat' dir='ltr'><em>nostrornm</em></span> <span class='ocrx_word' id='word_1_246' title='bbox 728 3559 831 3629; x_wconf 81' lang='lat' dir='ltr'><em>vitare,</em></span> <span class='ocrx_word' id='word_1_247' title='bbox 846 3560 896 3617; x_wconf 87' lang='lat' dir='ltr'><em>vel</em></span> <span class='ocrx_word' id='word_1_248' title='bbox 915 3571 1068 3632; x_wconf 86' lang='lat' dir='ltr'><em>excutere,</em></span> 
     </span>
     <span class='ocr_line' id='line_1_36' title="bbox 113 3653 1068 3736; baseline 0.002 -21"><span class='ocrx_word' id='word_1_249' title='bbox 113 3666 211 3734; x_wconf 79' lang='lat' dir='ltr'><em>atque</em></span> <span class='ocrx_word' id='word_1_250' title='bbox 231 3655 290 3736; x_wconf 82' lang='lat' dir='ltr'><em>ipsi</em></span> <span class='ocrx_word' id='word_1_251' title='bbox 313 3676 452 3736; x_wconf 82' lang='lat' dir='ltr'><em>magnam</em></span> <span class='ocrx_word' id='word_1_252' title='bbox 474 3657 535 3717; x_wconf 81' lang='lat' dir='ltr'><em>nim</em></span> <span class='ocrx_word' id='word_1_253' title='bbox 558 3658 686 3716; x_wconf 89' lang='lat' dir='ltr'><em>telorum</em></span> <span class='ocrx_word' id='word_1_254' title='bbox 708 3653 943 3734; x_wconf 79' lang='lat' dir='ltr'><em>superfunder03</em></span> <span class='ocrx_word' id='word_1_255' title='bbox 971 3654 1068 3717; x_wconf 88' lang='lat' dir='ltr'><em>donec</em></span> 
     </span>
    </p>
   </div>
   <div class='ocr_carea' id='block_1_5' title="bbox 0 0 1212 4290">
    <p class='ocr_par' dir='ltr' id='par_1_8' title="bbox 0 0 1212 4290">
     <span class='ocr_line' id='line_1_37' title="bbox 0 0 1212 4290; baseline 0 0"><span class='ocrx_word' id='word_1_256' title='bbox 0 0 1212 4290; x_wconf 95' lang='lat' dir='ltr'><em> </em></span> 
     </span>
    </p>
   </div>
  </div>
 </body>
</html>
