2400 4290
370 267 410 308 nn
426 245 717 309 sannanim-car.
733 266 903 319 xtra-awa
1095 255 1117 315 9

158 400 239 460 bella
247 411 280 458 et
289 410 401 478 raptus.
442 399 512 458 Nec
522 419 605 458 arare
615 413 734 469 terram,
745 412 797 458 cut
807 411 985 478 exspectare
997 376 1116 472 annum,

159 508 219 554 tam
241 495 332 554 facile
353 495 549 574 persuaseris,
573 515 664 572 quam
685 515 791 553 vocare
812 495 914 553 hostes
938 506 969 553 et
991 496 1117 555 vulnera

158 592 277 651 merari.
317 591 444 670 Pigntm
458 590 529 668 quin
543 591 636 650 immo
650 603 682 649 et
697 592 779 649 iners
793 591 919 660 videtur,
936 590 1044 649 sudore
1065 591 1116 650 ad·

159 688 288 766 quirere,
303 687 384 766 quod
396 689 494 767 possis
508 689 654 765 sanguine
669 708 784 767 parare.

196 783 268 842 XV.
290 783 440 855 Quotiens
450 784 532 842 bella
542 803 601 842 non
611 783 725 854 ineunt,
736 785 864 842 multum
873 785 1037 857 venatibus,
1046 785 1114 864 plus

158 900 214 958 per
227 880 320 938 otium
333 879 507 958 transigunt,
522 879 616 937 dediti
630 900 735 938 somno
749 880 882 957 ciboque.
923 881 1113 941 Fortissimus

160 976 284 1053 quisque
299 995 333 1034 ac
346 975 590 1034 bellicosissimus
606 975 679 1032 nihil
696 996 795 1054 agens,
811 976 951 1054 delegata
963 976 1068 1035 domus
1084 988 1113 1036 et

159 1071 314 1150 penatium
338 1084 369 1130 et
389 1091 529 1150 agrorum
551 1092 622 1130 cura
618 1066 760 1130 feminis
774 1072 962 1180 senibusque
986 1085 1017 1131 et
1036 1073 1114 1131 infir·

160 1166 293 1225 missimo
307 1168 415 1244 cuique
433 1166 684 1246 exsamilias1psi
699 1139 830 1226 hebent.
854 1168 929 1225 mira
943 1167 1114 1228 diversitate
1182 1214 1190 1231 „

159 1276 284 1334 naturae,
296 1284 365 1322 cum
380 1263 473 1321 iidem
486 1262 656 1321 homines'
633 1283 676 1321 sic
690 1275 789 1321 ament
803 1262 939 1322 inertiam
953 1275 983 1322 et
997 1263 1115 1323 oderint
1130 1272 1140 1285 “’
1163 1274 1166 1279 ’

28 1340 115 1427 'fil'
160 1361 300 1440 quietem.
340 1362 408 1421 Mos
430 1374 492 1420 cst
500 1361 677 1444 civitatibus,
693 1360 771 1421 ultro
794 1383 829 1421 ac
846 1362 957 1422 viritim
979 1364 1114 1423 conferre

42 1438 56 1455 ἡ
160 1457 346 1536 principibus
366 1459 639 1541 velamentorum,
649 1460 697 1517 vel
706 1459 835 1537 frugum,
847 1459 927 1536 quod
935 1480 991 1538 pro
1001 1461 1113 1522 honore

161 1567 317 1633 acceptum
335 1548 427 1612 etiani
446 1553 673 1613 necessitatibus
693 1554 839 1613 subvenit.
880 1554 1021 1613 Gaudent
1041 1575 1116 1635 prte-

161 1649 250 1726 cipue
258 1649 450 1707 finitimarum
458 1649 596 1728 'gentium
606 1649 774 1727 donis,quae
781 1670 841 1708 non
851 1649 941 1708 modo
952 1651 1115 1761 asingulip)

161 1746 215 1804 sed
228 1759 257 1804 et
273 1746 394 1826 publice
411 1746 567 1805 mittuntur
576 1765 585 1820 3
606 1747 695 1805 electi
717 1745 794 1824 equi,
809 1765 918 1823 magna
940 1765 1031 1816 arma,
1045 1747 1116 1825 pha*-
1170 1804 1191 1827 μ

159 1841 242 1911 lerae,
257 1855 444 1921 torquesque.
484 1843 506 1901 J
509 1863 557 1901 am
571 1855 601 1901 et
612 1841 771 1920 pecuniam
786 1842 923 1920 accipere
938 1842 1102 1903 docuimus.
1126 1840 1191 1949 [s

201 1938 288 1998 XVI.
309 1940 416 1998 Nullas
427 1940 648 1998 Germanorum
661 1939 782 2018 populis
796 1939 884 1997 urbes
898 1937 1034 2010 habitari,
1044 1937 1116 1999 satis
1130 2003 1133 2007 ,
1192 1950 1195 1957 “

145 2019 264 2113 (notum
274 2048 320 2095 ost
332 2058 339 2096 ε
360 2057 400 2095 ne
411 2036 474 2117 pati
485 2035 608 2114 quidem
619 2035 697 2094 inter
706 2056 739 2094 se
746 2036 867 2113 junctas
878 2035 974 2094 sedes.
1007 2035 1117 2095 Colunt

162 2131 282 2190 discreti
296 2152 330 2191 ac
345 2133 465 2205 diversi,
480 2145 513 2191 ut
524 2132 600 2203 fons,
614 2145 648 2190 ut
668 2153 800 2212 campus,
815 2145 849 2191 ut
868 2151 974 2190 nemus
994 2131 1116 2211 placuit.

160 2226 253 2287 Vicus
269 2229 378 2298 locant,
392 2249 452 2286 non
470 2229 500 2286 in
517 2240 649 2289 nostrum
666 2249 791 2299 morem,
806 2228 950 2287 connexis
970 2240 1001 2286 et
1021 2228 1117 2288 coboe·

161 2323 293 2381 rentibus
304 2322 452 2383 aedificiis:
470 2344 555 2382 suam
566 2324 691 2401 quisque
701 2323 823 2382 domum
832 2325 930 2404 spatio
939 2323 1116 2394 circumdat,
1187 2392 1192 2407 ι

100 2484 105 2495 .
160 2418 224 2478 sive
247 2418 389 2479 adversim
402 2422 497 2482 'casus
517 2419 596 2498 ignis
613 2419 790 2489 remedium,
804 2420 868 2479 sive
890 2419 1007 2478 inscitia
1027 2418 1117 2478 aedili·

87 2522 125 2575 ⁸².-
162 2515 258 2574 candi.
299 2515 350 2575 Ne
362 2501 575 2575 caeniedtorum
587 2516 708 2594 quidem
719 2516 800 2595 apud
809 2516 875 2574 illos
889 2530 939 2574 aut
949 2498 1116 2592 tegdlarum
1140 2530 1154 2547 ··
1167 2518 1178 2601 s

55 2664 89 2683 ,,
161 2629 249 2670 usus:
274 2612 399 2670 materia
419 2611 458 2670 ad
479 2613 579 2670 omnia
598 2624 723 2670 utuntur
741 2611 862 2669 informi
883 2623 913 2669 et
930 2610 1004 2668 citra
1023 2609 1117 2687 speci·

161 2728 210 2765 em
225 2719 276 2767 aut
291 2707 530 2767 delectationem
572 2706 722 2779 Quaedam
736 2708 803 2764 loca
816 2705 986 2783 diligentius
999 2703 1117 2764 illinunt
1147 2714 1199 2787 ξ’,

48 2790 63 2813 τ
161 2816 249 2873 terra,
263 2803 306 2862 ita
318 2823 395 2881 pura
409 2823 444 2862 ac
461 2803 646 2883 splendente,
661 2814 694 2861 ut
710 2802 857 2893 picturam
881 2821 915 2860 ac
936 2776 1119 2860 lineamenta
1150 2802 1186 2857 ’.ιζ

161 2899 318 2959 colorum
310 2899 450 2960 tmitetur
491 2900 597 2959 Solent
611 2912 641 2958 et
654 2880 862 2958 subterraneos
872 2880 978 2976 spebus
990 2898 1116 2976 aperire,
1174 2942 1184 2963 ,

161 3015 272 3073 eosque
292 2996 415 3055 multo
407 3016 530 3074 insuper
550 2997 620 3054 fimo
641 3006 774 3064 onerant,
792 2993 952 3072 suffugium
973 2993 1066 3052 hiemi
1087 3007 1117 3053 et

160 3092 383 3170 receptaculum
399 3091 554 3170 frugibus:
576 3091 646 3169 quia
662 3091 791 3168 rigorem
807 3084 953 3168 frigorum
970 3089 1117 3168 ejusmodi
1164 3096 1169 3105 '

160 3186 235 3245 locis
250 3188 405 3257 molliunt;
427 3199 466 3258 et,
480 3187 505 3245 si
514 3185 639 3264 'quando
652 3186 744 3244 hostis
762 3184 892 3255 advenit,
906 3197 1010 3264 aperta
1023 3204 1116 3263 popu·

160 3283 249 3353 latur,
263 3283 365 3342 abdita
382 3295 482 3341 autam
499 3294 531 3341 et
544 3281 661 3341 defossa
677 3295 727 3340 aut
740 3281 921 3359 ignorantur,
936 3292 987 3338 aut
1000 3300 1038 3338 eo
1051 3280 1115 3359 ipsc·

161 3376 278 3448 fallunt,
291 3378 373 3456 quod
386 3377 549 3456 quaerenda
565 3390 640 3437 sunt.

202 3468 308 3538 XYII.
330 3475 488 3552 Tegumen
508 3473 647 3532 omnibus
668 3450 783 3552 sagdm,
797 3426 956 3542 fibula,
913 3455 972 3540 aut,
989 3491 1015 3528 s1
1005 3469 1114 3542 desit

87 3608 96 3625 .
163 3568 251 3650 spina
271 3582 459 3630 consertum·
481 3582 582 3630 cetera
603 3568 706 3627 intecti
728 3579 806 3626 totos
828 3565 922 3626 dies
910 3578 998 3642 Juxta
1017 3540 1114 3625 focula

164 3679 256 3746 atquc
270 3666 372 3747 ignem
390 3679 489 3747 agunt.
530 3662 774 3745 Locupletissimi
790 3674 874 3722 veste
889 3660 1111 3740 distinguuntur

612 3761 642 3820 A
656 3763 674 3818 2
