2400 4290
132 252 174 310 30
415 265 447 322 ρ.
467 263 641 304 connectes
664 263 805 304 racrrus.

171 395 226 454 IV.
256 395 366 453 Cnaeus
390 394 491 452 Julius
511 394 666 470 Agricola,
685 407 786 452 vetere
809 406 840 452 et
863 394 970 451 illustri
991 395 1084 453 Foro·

130 490 307 569 juliensium
329 490 444 547 colonia
465 502 555 558 ortua,
574 502 733 566 utrumque
755 509 842 555 avum
862 504 1084 568 procuratorem

132 585 283 643 Caesarum
291 584 404 654 habuit,
414 604 480 661 quae
490 584 635 661 equestris
644 570 779 642 nobilitas
788 597 841 642 est.
881 585 975 643 Pater
984 585 1085 642 Julius

1 672 78 785 2²,le
107 658 289 740 *Graeeinus
310 681 449 739 senatorii
466 681 589 750 ordinis,
604 680 702 738 studio
721 681 900 758 eloquentiae
921 681 1085 763 sapientiu-

1 777 15 820 i
51 788 56 795 '
131 798 190 855 que
210 790 306 846 notus,
328 776 426 857 iisque,
443 776 600 834 virtutibus
620 776 694 833 iram
712 776 780 834 Caii
798 776 925 835 Caesaris
946 776 1083 833 meritus:

3 890 14 915 ³
46 894 49 899 ·
131 893 260 950 namque
284 872 326 930 M.
345 871 479 930 Silanum
501 892 643 929 accusare
660 872 764 949 jussus
786 885 825 941 et,
844 871 914 948 quia
934 873 1085 940 abnuerat,

11 960 21 977 ⁸
132 967 307 1026 interfectus
321 981 376 1026 est.
418 968 519 1025 Mater
529 967 549 1024 J
552 967 611 1024 ulia
623 967 753 1025 Procilla
766 967 830 1036 fuit,
841 988 915 1025 rarae
928 967 1084 1025 castitatis:
1119 1006 1122 1010 -

130 1062 161 1121 in
176 1064 265 1141 hujus
279 1063 346 1121 sinu
360 1062 601 1140 indulgentiaque
616 1063 768 1130 educatus,
780 1082 835 1140 per
849 1082 968 1120 omnem
982 1066 1086 1120 hones·

99 1234 102 1239 Ι
131 1169 230 1224 tarum
244 1157 351 1215 artium
366 1158 479 1227 cultum
493 1156 656 1237 pueritiam¹
670 1157 962 1234 adolescentiamque
976 1170 1087 1216 transe-

32 1236 84 1317 ,ζ’-γ’
129 1251 181 1329 git.
222 1252 356 1309 Arcebat
370 1271 440 1309 eum
456 1252 492 1308 ab
503 1251 652 1309 illecebris
666 1252 862 1328 peccantium,
874 1265 983 1329 praeter
993 1252 1086 1330 ipsius

130 1347 241 1404 bonam
251 1346 459 1424 integramque
473 1360 619 1413 naturam,
630 1347 709 1423 quod
723 1347 819 1404 statim
830 1348 972 1423 parvulus
983 1346 1085 1403 sedem

1 1434 8 1470 ·’
83 1436 348 1527 ··‘sspcxmagistram
356 1441 522 1499 studiorum
532 1441 698 1523 Massiliam
707 1442 859 1510 habuerat,
868 1443 967 1498 locum
976 1441 1086 1499 Graeca
1120 1474 1125 1493 ι
1185 1472 1188 1477 ·

53 1592 56 1599 .
130 1504 269 1599 boiditate
288 1551 318 1597 et
335 1538 508 1617 provinciali
522 1503 702 1616 p‘disitiiebia
719 1537 845 1595 mixtum
863 1557 898 1594 ac
912 1538 989 1594 bene
1008 1556 1085 1594 com·

22 1678 44 1709 ,.
121 1630 268 1715 punitum.
299 1634 463 1692 Memoria
483 1647 580 1701 teneo,
599 1633 719 1690 solitum
739 1634 838 1710 ipsum
858 1653 988 1702 narrare,
1005 1653 1033 1689 re
1053 1633 1085 1689 in

6 1714 82 1825 342&
128 1720 360 1811 primaJttucntu
373 1729 500 1787 studium
508 1729 703 1804 philosophice
713 1729 905 1798 acriur,ultra
919 1749 1008 1805 quem
1022 1749 1084 1785 cert-
1170 1752 1195 1803 Ι·

25 1812 43 1825 ..
80 1896 86 1911 ,
121 1845 236 1897 ,aarum
250 1822 591 2095 RomaneXenarm,
605 1826 743 1909 baeticae,
757 1826 789 1882 ni
803 1825 963 1900 prudentie
983 1826 1085 1883 taetris
1126 1880 1129 1889 ,
1167 1814 1170 1819 ’

12 1304 23 1339 ᾗ.

128 1921 272 1979 incensum
285 1921 434 1997 acflagre
467 1941 510 1978 ern
524 1910 834 1978 animurncocidcirret.
880 1919 1003 1978 Scilicet
1016 1920 1106 1991 sub-¹
1133 1934 1143 1957 ·’
1175 1928 1179 1939 “

61 2044 119 2121 ψῃ
128 2014 200 2073 lime
214 2028 244 2072 et
258 2028 393 2073 erectum
407 2014 437 2071 in
479 2015 561 2107 nium
572 2013 826 2093 pulchritudinem
837 2035 871 2073 ac
885 2015 1017 2094 speciem
1033 2036 1084 2072 ex·

38 2096 68 2145 u«

13 2124 41 2167 v·-
129 2110 216 2166 celsae
230 2129 409 2186 magnaeque
419 2110 525 2186 gloriae
536 2110 741 2167 vehementius
756 2130 846 2186 quam
861 2122 947 2167 caute
963 2124 1085 2188 appete·
1119 2114 1148 2169 l'

130 2205 191 2263 bat.
234 2204 310 2262 Mox
326 2204 473 2281 mitigavit
488 2203 564 2262 ratio
582 2216 612 2262 et
628 2217 716 2263 aetas:
738 2204 930 2282 retinuitque,
947 2206 1026 2282 quod
1041 2218 1085 2264 est
1120 2280 1126 2287 .

129 2288 344 2369 difficillimum,
360 2319 400 2357 ex
414 2298 558 2378 sapientia
571 2297 703 2375 modum.

168 2394 207 2453 V.
229 2394 332 2453 Prima
345 2407 512 2481 castrorum
531 2394 701 2454 rudimenta
721 2394 752 2452 iu
768 2395 923 2455 Britannia
939 2395 1084 2454 Suetonio

128 2490 267 2561 Paulino,
282 2490 420 2568 diligenti
441 2511 475 2549 ac
495 2492 651 2551 moderato
672 2490 750 2559 duci,
768 2491 952 2571 approbavit,
970 2492 1084 2549 electus

130 2607 220 2664 quem
249 2586 442 2645 contubernio
468 2587 637 2646 aestimaret,
691 2587 759 2645 Nec
784 2588 928 2665 Agricola
951 2587 1083 2657 licenter,

130 2702 215 2741 more
232 2684 379 2762 juvenum
400 2682 451 2761 qui
471 2684 606 2743 militiam
626 2683 657 2742 iu
676 2683 826 2743 lasciviam
841 2696 968 2753 vertunt,
984 2703 1084 2761 neque

129 2777 263 2855 segniter
276 2777 316 2837 ad
325 2780 496 2858 voluptates
508 2792 538 2838 et
548 2794 732 2859 cornrneatus
745 2780 865 2839 titulum
880 2781 1044 2839 tribunatus
1055 2793 1085 2838 et

130 2872 277 2932 inscitiam
290 2873 407 2931 retulit:
428 2874 482 2931 sed
493 2895 616 2949 noscere
630 2875 823 2952 provinciam,
834 2876 1084 2949 nosciexercitui,
1128 2930 1131 2939 ‚

130 2964 245 3023 discere
267 2987 285 3023 a
301 2967 415 3043 peritis,
430 2969 517 3044 sequi
538 2969 675 3046 optimos,
690 2970 764 3026 nihil
781 2984 922 3048 appetere
942 2971 973 3027 in
990 2972 1084 3048 jacta·
1108 2938 1141 3023 ll*
1168 2978 1176 2989 '·

16 3084 121 3147 „53⁴
129 3059 249 3130 tionem,
264 3060 337 3116 nihil
351 3061 390 3117 ob
403 3061 592 3130 formidinem
606 3080 754 3155 recusare,
769 3064 918 3141 simulque
932 3066 1039 3123 anxius
1053 3080 1084 3123 et

26 3138 90 3187 gr
129 3154 258 3213 intentus
275 3174 380 3243 agere,
415 3154 486 3214 Non
499 3175 571 3231 Q
590 3126 666 3231 iffi
680 3158 870 3216 exercitatior
882 3159 1039 3237 magisque
1053 3162 1084 3218 in

130 3250 272 3335 Qbiguo
288 3250 441 3309 Britannia
461 3249 535 3309 fuit:
558 3250 698 3310 trucidati
719 3254 862 3324 veterani,
884 3254 1012 3314 incensae
1037 3279 1084 3315 co·

130 3346 228 3416 loniae,
243 3346 400 3425 intercepti
418 3346 581 3418 exercitus;
604 3360 667 3405 tum
682 3347 721 3407 de
738 3349 841 3417 salute,
856 3370 924 3407 mox
940 3350 978 3409 de
995 3351 1083 3409 victe

3 3462 55 3569 a„
64 3440 176 3551 343,an
189 3454 350 3502 certavere.
391 3442 469 3514 Quoe
481 3456 587 3500 cuncta
597 3444 652 3501 etsi
662 3444 793 3502 consiliis
803 3444 953 3523 ductuque
965 3447 1084 3505 alterius

20 3542 94 3615 ’,θ’
125 3539 305 3616 agebantur,
319 3558 354 3596 ac
367 3557 482 3596 summa
494 3558 595 3596 rerum
609 3552 639 3597 et
649 3554 834 3619 recuperatae
844 3542 1007 3620 provinciae
1022 3544 1083 3621 glo-

17 3620 28 3637 ⁴
129 3635 175 3695 ria
190 3634 221 3692 in
237 3634 345 3695 ducem
362 3635 458 3705 cessit,
476 3648 569 3721 ntem
585 3648 616 3695 et
631 3650 766 3711 immet
781 3637 919 3698 stimulos
938 3637 1082 3699 addidere
