2400 4290
125 257 165 317 le
407 274 433 315 o.
458 274 633 316 coenamus
656 272 791 318 racrrns

122 405 214 485 idque
225 406 399 486 jucundius,
415 426 504 484 quam
517 409 617 477 tutius,
631 407 706 467 fuit:
729 409 799 486 quia
812 409 888 468 inter
901 410 1080 491 impotentes

122 515 153 560 et
169 502 282 561 validos
299 501 374 560 falso
395 503 547 580 quiescas;
573 504 625 562 ubi
641 524 732 563 manu
753 505 859 584 agitur,
876 508 1023 567 modestia
1044 530 1079 568 ac

121 598 254 677 probitas
267 598 387 656 nomina
400 599 561 677 superioris
575 611 651 657 sunt.
692 600 749 671 Ita,
761 601 813 678 qui
826 601 898 660 olim
912 603 979 662 boni
993 607 1079 682 aqui·

122 713 175 770 que
188 694 345 764 Cherusci,
359 715 437 752 nunc
453 695 556 754 inertes
571 716 608 754 aa
627 696 710 754 stulti
725 710 886 758 vocantur:
908 699 1003 758 Cattis
1019 701 1078 759 vic-

121 789 235 848 toribus
251 790 370 864 fortuna
390 791 420 849 in
440 791 618 870 sapientiam
638 792 737 851 cessit.
779 793 882 853 Tracti
902 795 987 854 ruina
1001 797 1079 855 Che·

120 905 278 944 ruscorum
292 897 322 944 et
335 885 418 956 Fosi,
430 887 614 946 contermina
627 909 711 966 gens,
723 889 916 948 adversarum
930 911 1030 953 rerum
1041 912 1080 950 ex

121 1000 209 1059 aequo
223 980 306 1051 socii,
321 1002 389 1040 cum
403 982 434 1040 in
448 983 586 1042 secundis
599 984 729 1045 minores
742 984 877 1044 fuissent.

161 1077 331 1136 XXXVII.
352 1077 494 1137 Eundem
511 1079 682 1137 Germaniae
703 1079 802 1138 sinum
819 1081 948 1159 proximi
967 1103 1080 1142 oceano

122 1171 241 1231 Cimbri
263 1184 376 1244 tenent,
400 1193 492 1251 parva
518 1193 598 1231 nunc
622 1174 736 1245 civitas,
758 1175 811 1234 sed
835 1177 930 1254 gloria
953 1179 1079 1257 ingens:

115 1267 293 1345 ¹veterisque
306 1267 392 1327 famae
406 1270 466 1328 late
480 1269 608 1348 vestigia
622 1284 751 1340 manent,
763 1283 889 1350 utraque
905 1273 972 1352 ripa
986 1287 1081 1333 castra

123 1382 158 1421 ac
178 1363 283 1445 spatia,
298 1384 423 1441 quorum
446 1364 564 1423 ambitu
579 1386 659 1424 nunc
680 1387 799 1444 quoque
820 1368 950 1426 metiaris
971 1371 1081 1428 molem

123 1477 289 1536 manusque
303 1459 399 1538 gentis
413 1473 443 1518 et
456 1473 516 1518 tam
531 1460 631 1538 magni
642 1461 740 1520 exitus
753 1461 854 1523 fidem.
890 1464 1080 1523 sexcentesi-

123 1576 205 1614 mum
222 1569 253 1614 et
269 1556 532 1636 quadragesimum
549 1578 657 1616 annum
675 1559 745 1617 urbs
761 1572 862 1618 nostra
881 1561 996 1638 agebat,
1012 1581 1081 1619 cum

16 1695 32 1705 .
122 1651 254 1731 primum
264 1652 456 1712 Cimbrorum
471 1653 573 1713 audita
585 1667 653 1712 sunt
667 1674 760 1726 arma,
772 1655 895 1714 Caecilio
906 1656 1031 1714 Metello
1045 1677 1081 1716 ac

123 1749 249 1828 Papirio
260 1750 401 1809 Carbone
415 1770 490 1809 coss.
531 1751 582 1809 Ex
592 1771 651 1828 quo
665 1751 690 1809 si
705 1750 742 1810 ad
754 1752 878 1810 alterum
892 1751 1081 1831 imperatoris

126 1845 252 1924 Trajani
265 1848 452 1906 consulatum
466 1859 684 1926 computemus,
696 1847 817 1906 ducenti
828 1847 922 1907 ferme
933 1861 964 1907 et
973 1848 1081 1907 decem

58 1942 60 1947 ⁴
125 1941 194 2000 anni
218 1942 408 2020 colliguntur.
454 1942 585 2001 Tamdiu
607 1943 772 2001 Germania
795 1943 931 2001 vincitur.
976 1943 1082 2003 Medio

124 2049 186 2095 tam
200 2037 283 2114 longi
297 2037 354 2095 aevi
367 2023 473 2115 spatio,
484 2039 577 2096 multa
591 2037 719 2095 invicem
733 2036 857 2096 damna:
879 2058 939 2096 non
954 2038 1081 2108 Samnis,

123 2151 184 2190 non
207 2132 305 2202 Poeni,
322 2152 381 2190 non
403 2131 560 2210 Hispaniae
582 2131 739 2202 Galliarum
761 2151 801 2190 ne
824 2132 931 2191 Parthi
957 2134 1081 2210 quidem

124 2227 235 2308 saepius
249 2226 448 2286 admonuere:
472 2227 584 2305 quippe
598 2246 693 2304 regno
702 2227 824 2286 Arsacis
838 2227 934 2286 acrior
948 2241 994 2287 est
1005 2230 1082 2287 Ger-

125 2344 281 2383 manorum
293 2322 423 2382 libertas.
464 2321 548 2394 Quid
563 2321 644 2380 enim
658 2321 741 2380 aliud
753 2323 847 2393 nobis,
862 2344 952 2403 quam
965 2323 1082 2384 caedem

126 2420 236 2490 Crassi,
254 2419 364 2479 amisso
385 2432 416 2478 et
432 2419 499 2498 ipso
515 2419 643 2489 Pacoro,
657 2417 736 2479 infra
748 2419 926 2479 Ventidium
943 2420 1081 2500 dejectus

125 2516 232 2577 Oriens
260 2514 424 2596 objecerit‘l
474 2517 518 2575 At
539 2514 683 2574 Germani
707 2515 848 2576 Carbone
873 2529 904 2576 et
924 2517 1031 2576 Cassio
1051 2531 1082 2577 et

126 2613 241 2673 Scauro
249 2612 376 2672 Aurelio
387 2625 418 2671 et
428 2612 556 2672 Servilio
565 2611 710 2691 Caepione
730 2612 824 2672 Cnaeo
837 2633 957 2691 quoque
965 2614 1082 2672 Manlio

125 2709 198 2769 fusis
207 2712 256 2770 vel
266 2710 369 2788 captis,
379 2710 511 2788 quinque
522 2709 610 2768 simul
622 2710 793 2769 consulares
804 2709 954 2797 exercitus
963 2710 1082 2789 Populo

56 2874 71 2891 x
125 2806 273 2877 Romano,
287 2805 404 2864 Varum
425 2819 546 2884 tresque
567 2826 635 2864 cum
656 2826 693 2864 eo
709 2805 845 2884 legiones
866 2806 957 2865 etiam
970 2806 1083 2865 Caesari

126 2901 328 2959 abstulerunt:
353 2920 410 2958 neo
434 2901 556 2978 impune
576 2900 670 2959 Caius
692 2900 807 2959 Marius
826 2901 856 2958 in
878 2900 976 2970 Italia,
997 2901 1084 2960 divus

124 2994 228 3053 Julius
245 2994 275 3050 in
289 2993 399 3062 Gallia,
414 2994 532 3052 Drusus
548 3013 584 3052 ac
602 2994 687 3053 Nero
708 3006 739 3052 et
755 2994 953 3053 Germanicus
970 2995 1000 3052 in
1020 2997 1105 3055 suis'

126 3112 178 3151 eos
201 3090 325 3149 sedibus
348 3092 547 3168 perculerunt.
601 3089 677 3149 Mox
700 3089 837 3167 ingentes
861 3089 930 3148 Caii
954 3090 1082 3150 Caesaris

125 3188 215 3247 minae
231 3186 262 3244 in
279 3184 441 3249 ludibrium
458 3205 561 3245 versae.
602 3184 680 3245 Inde
695 3185 800 3255 otium,
814 3183 911 3243 donec
927 3188 1081 3247 occasione

126 3282 281 3343 discordiae
297 3294 406 3341 nostrae
423 3294 454 3341 et
470 3280 602 3340 civilium
619 3300 777 3349 armorum,
795 3281 973 3359 expugnatis
989 3282 1082 3360 legio·

126 3402 199 3443 num
214 3379 355 3449 bibernis,
370 3379 461 3438 etiam
475 3377 590 3437 Gallias
608 3376 814 3436 adfectavere:
836 3397 872 3436 ao
888 3396 989 3436 rursus
1002 3379 1082 3458 pulsi

85 3464 88 3468 ⁸
126 3478 207 3549 inde,
221 3475 365 3557 proximis
385 3473 570 3554 temporibus
590 3472 763 3552 triumphati
783 3473 879 3552 magis
900 3494 991 3552 quam
1010 3475 1082 3535 victi

128 3592 206 3639 snut

167 3675 353 3736 XXXVIII.
375 3672 466 3734 Nunc
477 3671 515 3731 da
527 3669 636 3731 Suavis
646 3668 808 3730 dicendum
817 3680 872 3738 est,
884 3688 1011 3748 qnorum
1022 3689 1081 3727 non
