<?xml version="1.0" encoding="UTF-8"?>
<!DOCTYPE html PUBLIC "-//W3C//DTD XHTML 1.0 Transitional//EN"
    "http://www.w3.org/TR/xhtml1/DTD/xhtml1-transitional.dtd">
<html xmlns="http://www.w3.org/1999/xhtml" xml:lang="en" lang="en">
 <head>
  <title>
</title>
<meta http-equiv="Content-Type" content="text/html;charset=utf-8" />
  <meta name='ocr-system' content='tesseract 3.04.00' />
  <meta name='ocr-capabilities' content='ocr_page ocr_carea ocr_par ocr_line ocrx_word'/>
</head>
<body>
  <div class='ocr_page' id='page_1' title='image "./germaniaandagri00boetgoog_0112.png"; bbox 0 0 2400 4290; ppageno 0'>
   <div class='ocr_carea' id='block_1_1' title="bbox 312 246 1087 307">
    <p class='ocr_par' dir='ltr' id='par_1_1' title="bbox 312 246 1087 307">
     <span class='ocr_line' id='line_1_1' title="bbox 312 246 1087 307; baseline 0.006 -5"><span class='ocrx_word' id='word_1_1' title='bbox 312 261 476 304; x_wconf 75' lang='lat' dir='ltr'>namecca</span> <span class='ocrx_word' id='word_1_2' title='bbox 499 261 900 304; x_wconf 76' lang='lat' dir='ltr'>vrrn.-car.xn1v.-x1.v.</span> <span class='ocrx_word' id='word_1_3' title='bbox 1042 246 1087 307; x_wconf 74' lang='lat'>5³</span> 
     </span>
    </p>
   </div>
   <div class='ocr_carea' id='block_1_2' title="bbox 55 393 1087 3159">
    <p class='ocr_par' dir='ltr' id='par_1_2' title="bbox 55 393 1087 2007">
     <span class='ocr_line' id='line_1_2' title="bbox 131 393 1087 471; baseline 0.002 -18"><span class='ocrx_word' id='word_1_4' title='bbox 131 393 244 464; x_wconf 85' lang='lat' dir='ltr'>velint3</span> <span class='ocrx_word' id='word_1_5' title='bbox 276 393 430 453; x_wconf 85' lang='lat' dir='ltr'>decentior</span> <span class='ocrx_word' id='word_1_6' title='bbox 450 413 540 471; x_wconf 90' lang='lat' dir='ltr'>quam</span> <span class='ocrx_word' id='word_1_7' title='bbox 562 393 719 452; x_wconf 87' lang='lat' dir='ltr'>sublimior</span> <span class='ocrx_word' id='word_1_8' title='bbox 739 393 816 452; x_wconf 85' lang='lat' dir='ltr'>fuit:</span> <span class='ocrx_word' id='word_1_9' title='bbox 841 394 915 451; x_wconf 89' lang='lat' dir='ltr'>nihil</span> <span class='ocrx_word' id='word_1_10' title='bbox 936 408 1035 454; x_wconf 91' lang='lat' dir='ltr'>metus</span> <span class='ocrx_word' id='word_1_11' title='bbox 1055 395 1087 455; x_wconf 87' lang='lat' dir='ltr'>iu</span> 
     </span>
     <span class='ocr_line' id='line_1_3' title="bbox 131 490 1084 570; baseline 0.001 -20"><span class='ocrx_word' id='word_1_12' title='bbox 131 494 232 563; x_wconf 78' lang='lat' dir='ltr'>vultu3</span> <span class='ocrx_word' id='word_1_13' title='bbox 254 490 351 570; x_wconf 88' lang='lat' dir='ltr'>gratia</span> <span class='ocrx_word' id='word_1_14' title='bbox 371 491 430 549; x_wconf 87' lang='lat' dir='ltr'>oris</span> <span class='ocrx_word' id='word_1_15' title='bbox 449 503 620 569; x_wconf 86' lang='lat' dir='ltr'>supererat:</span> <span class='ocrx_word' id='word_1_16' title='bbox 640 492 754 549; x_wconf 90' lang='lat' dir='ltr'>bonum</span> <span class='ocrx_word' id='word_1_17' title='bbox 767 490 865 549; x_wconf 83' lang='lat' dir='ltr'>virum</span> <span class='ocrx_word' id='word_1_18' title='bbox 878 490 967 548; x_wconf 86' lang='lat' dir='ltr'>facile</span> <span class='ocrx_word' id='word_1_19' title='bbox 982 491 1084 551; x_wconf 91' lang='lat' dir='ltr'>crede·</span> 
     </span>
     <span class='ocr_line' id='line_1_4' title="bbox 131 587 1085 666; baseline 0 -20"><span class='ocrx_word' id='word_1_20' title='bbox 131 609 189 659; x_wconf 91' lang='lat' dir='ltr'>res,</span> <span class='ocrx_word' id='word_1_21' title='bbox 203 608 345 666; x_wconf 87' lang='lat' dir='ltr'>magnum</span> <span class='ocrx_word' id='word_1_22' title='bbox 359 588 496 646; x_wconf 79' lang='lat' dir='ltr'>libenter.</span> <span class='ocrx_word' id='word_1_23' title='bbox 537 587 580 646; x_wconf 87' lang='lat' dir='ltr'>Et</span> <span class='ocrx_word' id='word_1_24' title='bbox 598 587 663 666; x_wconf 91' lang='lat' dir='ltr'>ipse</span> <span class='ocrx_word' id='word_1_25' title='bbox 681 587 814 664; x_wconf 89' lang='lat' dir='ltr'>quidem,</span> <span class='ocrx_word' id='word_1_26' title='bbox 828 607 1008 664; x_wconf 87' lang='lat' dir='ltr'>quamquam</span> <span class='ocrx_word' id='word_1_27' title='bbox 1023 608 1085 646; x_wconf 89' lang='lat' dir='ltr'>me·</span> 
     </span>
     <span class='ocr_line' id='line_1_5' title="bbox 131 681 1086 762; baseline -0.001 -20"><span class='ocrx_word' id='word_1_28' title='bbox 131 684 182 743; x_wconf 90' lang='lat' dir='ltr'>dio</span> <span class='ocrx_word' id='word_1_29' title='bbox 197 685 227 742; x_wconf 91' lang='lat' dir='ltr'>in</span> <span class='ocrx_word' id='word_1_30' title='bbox 241 685 338 762; x_wconf 90' lang='lat' dir='ltr'>spatio</span> <span class='ocrx_word' id='word_1_31' title='bbox 351 685 476 761; x_wconf 83' lang='lat' dir='ltr'>integrae</span> <span class='ocrx_word' id='word_1_32' title='bbox 490 683 585 742; x_wconf 85' lang='lat' dir='ltr'>aetatis</span> <span class='ocrx_word' id='word_1_33' title='bbox 599 695 730 760; x_wconf 91' lang='lat' dir='ltr'>ereptus,</span> <span class='ocrx_word' id='word_1_34' title='bbox 745 695 886 759; x_wconf 90' lang='lat' dir='ltr'>quantum</span> <span class='ocrx_word' id='word_1_35' title='bbox 902 681 939 741; x_wconf 90' lang='lat' dir='ltr'>ad</span> <span class='ocrx_word' id='word_1_36' title='bbox 958 683 1086 760; x_wconf 85' lang='lat' dir='ltr'>gloriam</span> 
     </span>
     <span class='ocr_line' id='line_1_6' title="bbox 130 779 1085 859; baseline 0.001 -21"><span class='ocrx_word' id='word_1_37' title='bbox 130 781 335 858; x_wconf 88' lang='lat' dir='ltr'>longissimum</span> <span class='ocrx_word' id='word_1_38' title='bbox 356 800 452 839; x_wconf 71' lang='lat' dir='ltr'>aarum</span> <span class='ocrx_word' id='word_1_39' title='bbox 468 779 596 858; x_wconf 83' lang='lat' dir='ltr'>peregit.</span> <span class='ocrx_word' id='word_1_40' title='bbox 638 779 762 859; x_wconf 85' lang='lat' dir='ltr'>Quippe</span> <span class='ocrx_word' id='word_1_41' title='bbox 784 792 815 838; x_wconf 92' lang='lat' dir='ltr'>et</span> <span class='ocrx_word' id='word_1_42' title='bbox 830 800 902 838; x_wconf 83' lang='lat' dir='ltr'>vera</span> <span class='ocrx_word' id='word_1_43' title='bbox 915 781 1002 851; x_wconf 87' lang='lat' dir='ltr'>bona,</span> <span class='ocrx_word' id='word_1_44' title='bbox 1018 800 1085 859; x_wconf 80' lang='lat' dir='ltr'>quau</span> 
     </span>
     <span class='ocr_line' id='line_1_7' title="bbox 131 876 1085 956; baseline 0.002 -22"><span class='ocrx_word' id='word_1_45' title='bbox 131 876 161 934; x_wconf 89' lang='lat' dir='ltr'>in</span> <span class='ocrx_word' id='word_1_46' title='bbox 176 877 335 935; x_wconf 82' lang='lat' dir='ltr'>virtutibus</span> <span class='ocrx_word' id='word_1_47' title='bbox 349 876 406 935; x_wconf 87' lang='lat' dir='ltr'>sita</span> <span class='ocrx_word' id='word_1_48' title='bbox 420 889 498 945; x_wconf 91' lang='lat' dir='ltr'>sunt,</span> <span class='ocrx_word' id='word_1_49' title='bbox 512 877 700 956; x_wconf 80' lang='lat' dir='ltr'>impleverat,</span> <span class='ocrx_word' id='word_1_50' title='bbox 714 888 744 935; x_wconf 89' lang='lat' dir='ltr'>et</span> <span class='ocrx_word' id='word_1_51' title='bbox 760 877 965 935; x_wconf 89' lang='lat' dir='ltr'>consularibus</span> <span class='ocrx_word' id='word_1_52' title='bbox 982 898 1017 936; x_wconf 89' lang='lat' dir='ltr'>ac</span> <span class='ocrx_word' id='word_1_53' title='bbox 1032 877 1085 936; x_wconf 90' lang='lat' dir='ltr'>tri·</span> 
     </span>
     <span class='ocr_line' id='line_1_8' title="bbox 130 972 1085 1051; baseline 0.002 -21"><span class='ocrx_word' id='word_1_54' title='bbox 130 972 319 1051; x_wconf 90' lang='lat' dir='ltr'>umphalibus</span> <span class='ocrx_word' id='word_1_55' title='bbox 332 972 512 1030; x_wconf 83' lang='lat' dir='ltr'>ornamentis</span> <span class='ocrx_word' id='word_1_56' title='bbox 526 972 663 1051; x_wconf 86' lang='lat' dir='ltr'>praedito,</span> <span class='ocrx_word' id='word_1_57' title='bbox 678 972 749 1050; x_wconf 92' lang='lat' dir='ltr'>quid</span> <span class='ocrx_word' id='word_1_58' title='bbox 763 972 843 1031; x_wconf 90' lang='lat' dir='ltr'>aliud</span> <span class='ocrx_word' id='word_1_59' title='bbox 858 974 1013 1032; x_wconf 80' lang='lat' dir='ltr'>adstruere</span> <span class='ocrx_word' id='word_1_60' title='bbox 1027 974 1085 1033; x_wconf 88' lang='lat' dir='ltr'>for·</span> 
     </span>
     <span class='ocr_line' id='line_1_9' title="bbox 131 1068 1084 1149; baseline 0.005 -24"><span class='ocrx_word' id='word_1_61' title='bbox 131 1080 203 1126; x_wconf 91' lang='lat' dir='ltr'>tuna</span> <span class='ocrx_word' id='word_1_62' title='bbox 222 1069 362 1147; x_wconf 77' lang='lat' dir='ltr'>poteratl</span> <span class='ocrx_word' id='word_1_63' title='bbox 410 1068 525 1147; x_wconf 86' lang='lat' dir='ltr'>Opibus</span> <span class='ocrx_word' id='word_1_64' title='bbox 546 1068 645 1126; x_wconf 91' lang='lat' dir='ltr'>nimiis</span> <span class='ocrx_word' id='word_1_65' title='bbox 669 1069 914 1146; x_wconf 89' lang='lat' dir='ltr'>non-gaudebat;</span> <span class='ocrx_word' id='word_1_66' title='bbox 942 1070 1084 1149; x_wconf 83' lang='lat' dir='ltr'>spaciosae</span> 
     </span>
     <span class='ocr_line' id='line_1_10' title="bbox 132 1164 1085 1244; baseline 0.002 -22"><span class='ocrx_word' id='word_1_67' title='bbox 132 1164 335 1242; x_wconf 85' lang='lat' dir='ltr'>contigerant:</span> <span class='ocrx_word' id='word_1_68' title='bbox 355 1164 417 1222; x_wconf 88' lang='lat' dir='ltr'>filia</span> <span class='ocrx_word' id='word_1_69' title='bbox 430 1177 519 1242; x_wconf 89' lang='lat' dir='ltr'>atque</span> <span class='ocrx_word' id='word_1_70' title='bbox 533 1184 629 1222; x_wconf 90' lang='lat' dir='ltr'>uxore</span> <span class='ocrx_word' id='word_1_71' title='bbox 643 1164 863 1242; x_wconf 88' lang='lat' dir='ltr'>superstitibus,</span> <span class='ocrx_word' id='word_1_72' title='bbox 877 1179 976 1244; x_wconf 90' lang='lat' dir='ltr'>potest</span> <span class='ocrx_word' id='word_1_73' title='bbox 989 1165 1085 1224; x_wconf 86' lang='lat' dir='ltr'>videri</span> 
     </span>
     <span class='ocr_line' id='line_1_11' title="bbox 131 1254 1085 1337; baseline 0.003 -20"><span class='ocrx_word' id='word_1_74' title='bbox 131 1259 221 1318; x_wconf 88' lang='lat' dir='ltr'>etiam</span> <span class='ocrx_word' id='word_1_75' title='bbox 244 1261 359 1327; x_wconf 90' lang='lat' dir='ltr'>beatus,</span> <span class='ocrx_word' id='word_1_76' title='bbox 400 1259 543 1317; x_wconf 91' lang='lat' dir='ltr'>incolumi</span> <span class='ocrx_word' id='word_1_77' title='bbox 566 1258 718 1337; x_wconf 84' lang='lat' dir='ltr'>dignitate,</span> <span class='ocrx_word' id='word_1_78' title='bbox 741 1254 867 1318; x_wconf 87' lang='lat' dir='ltr'>florente</span> <span class='ocrx_word' id='word_1_79' title='bbox 890 1261 978 1330; x_wconf 89' lang='lat' dir='ltr'>fama,</span> <span class='ocrx_word' id='word_1_80' title='bbox 1000 1262 1085 1320; x_wconf 84' lang='lat' dir='ltr'>salvis</span> 
     </span>
     <span class='ocr_line' id='line_1_12' title="bbox 132 1354 1085 1435; baseline 0.002 -22"><span class='ocrx_word' id='word_1_81' title='bbox 132 1356 321 1414; x_wconf 66' lang='lat' dir='ltr'>affinitatibus</span> <span class='ocrx_word' id='word_1_82' title='bbox 343 1367 374 1414; x_wconf 87' lang='lat' dir='ltr'>et</span> <span class='ocrx_word' id='word_1_83' title='bbox 398 1354 544 1425; x_wconf 80' lang='lat' dir='ltr'>amicitiis,</span> <span class='ocrx_word' id='word_1_84' title='bbox 567 1354 666 1412; x_wconf 89' lang='lat' dir='ltr'>futura</span> <span class='ocrx_word' id='word_1_85' title='bbox 688 1355 836 1435; x_wconf 84' lang='lat' dir='ltr'>effugisse.</span> <span class='ocrx_word' id='word_1_86' title='bbox 884 1356 915 1414; x_wconf 95' lang='lat' dir='ltr'>N</span> <span class='ocrx_word' id='word_1_87' title='bbox 919 1377 975 1427; x_wconf 90' lang='lat' dir='ltr'>am,</span> <span class='ocrx_word' id='word_1_88' title='bbox 997 1356 1085 1416; x_wconf 89' lang='lat' dir='ltr'>sicuti</span> 
     </span>
     <span class='ocr_line' id='line_1_13' title="bbox 132 1450 1084 1531; baseline 0.003 -22"><span class='ocrx_word' id='word_1_89' title='bbox 132 1450 241 1510; x_wconf 91' lang='lat' dir='ltr'>durare</span> <span class='ocrx_word' id='word_1_90' title='bbox 255 1452 287 1509; x_wconf 94' lang='lat' dir='ltr'>in</span> <span class='ocrx_word' id='word_1_91' title='bbox 299 1453 355 1510; x_wconf 85' lang='lat' dir='ltr'>hac</span> <span class='ocrx_word' id='word_1_92' title='bbox 368 1450 532 1510; x_wconf 83' lang='lat' dir='ltr'>beatissimi</span> <span class='ocrx_word' id='word_1_93' title='bbox 544 1451 646 1509; x_wconf 86' lang='lat' dir='ltr'>saeculi</span> <span class='ocrx_word' id='word_1_94' title='bbox 659 1452 736 1521; x_wconf 89' lang='lat' dir='ltr'>luce,</span> <span class='ocrx_word' id='word_1_95' title='bbox 752 1471 787 1510; x_wconf 90' lang='lat' dir='ltr'>ao</span> <span class='ocrx_word' id='word_1_96' title='bbox 800 1451 966 1530; x_wconf 86' lang='lat' dir='ltr'>prinoipem</span> <span class='ocrx_word' id='word_1_97' title='bbox 982 1453 1084 1531; x_wconf 88' lang='lat' dir='ltr'>Traja-</span> 
     </span>
     <span class='ocr_line' id='line_1_14' title="bbox 132 1545 1085 1625; baseline 0.002 -22"><span class='ocrx_word' id='word_1_98' title='bbox 132 1566 205 1604; x_wconf 93' lang='lat' dir='ltr'>num</span> <span class='ocrx_word' id='word_1_99' title='bbox 217 1546 331 1617; x_wconf 89' lang='lat' dir='ltr'>videre,</span> <span class='ocrx_word' id='word_1_100' title='bbox 347 1547 471 1625; x_wconf 89' lang='lat' dir='ltr'>augurio</span> <span class='ocrx_word' id='word_1_101' title='bbox 488 1545 623 1623; x_wconf 89' lang='lat' dir='ltr'>votisque</span> <span class='ocrx_word' id='word_1_102' title='bbox 641 1545 721 1624; x_wconf 86' lang='lat' dir='ltr'>apud</span> <span class='ocrx_word' id='word_1_103' title='bbox 737 1559 854 1605; x_wconf 89' lang='lat' dir='ltr'>nostras</span> <span class='ocrx_word' id='word_1_104' title='bbox 871 1567 958 1605; x_wconf 88' lang='lat' dir='ltr'>aures</span> <span class='ocrx_word' id='word_1_105' title='bbox 976 1546 1085 1605; x_wconf 89' lang='lat' dir='ltr'>omina-</span> 
     </span>
     <span class='ocr_line' id='line_1_15' title="bbox 132 1640 1084 1719; baseline 0 -19"><span class='ocrx_word' id='word_1_106' title='bbox 132 1641 227 1712; x_wconf 89' lang='lat' dir='ltr'>betur,</span> <span class='ocrx_word' id='word_1_107' title='bbox 250 1642 293 1700; x_wconf 90' lang='lat' dir='ltr'>ita</span> <span class='ocrx_word' id='word_1_108' title='bbox 315 1641 462 1701; x_wconf 82' lang='lat' dir='ltr'>festinatae</span> <span class='ocrx_word' id='word_1_109' title='bbox 486 1641 588 1699; x_wconf 86' lang='lat' dir='ltr'>mortis</span> <span class='ocrx_word' id='word_1_110' title='bbox 613 1640 729 1719; x_wconf 79' lang='lat' dir='ltr'>grande</span> <span class='ocrx_word' id='word_1_111' title='bbox 756 1641 894 1700; x_wconf 91' lang='lat' dir='ltr'>solatium</span> <span class='ocrx_word' id='word_1_112' title='bbox 916 1642 995 1712; x_wconf 87' lang='lat' dir='ltr'>tulit,</span> <span class='ocrx_word' id='word_1_113' title='bbox 1019 1662 1084 1700; x_wconf 86' lang='lat' dir='ltr'>eva·</span> 
     </span>
     <span class='ocr_line' id='line_1_16' title="bbox 55 1736 1084 1817; baseline 0.001 -21"><span class='ocrx_word' id='word_1_114' title='bbox 55 1752 60 1759; x_wconf 92' lang='grc'><em>·</em></span> <span class='ocrx_word' id='word_1_115' title='bbox 132 1737 207 1796; x_wconf 87' lang='lat' dir='ltr'>aisse</span> <span class='ocrx_word' id='word_1_116' title='bbox 222 1749 407 1817; x_wconf 88' lang='lat' dir='ltr'>postremum</span> <span class='ocrx_word' id='word_1_117' title='bbox 419 1736 495 1795; x_wconf 92' lang='lat' dir='ltr'>illud</span> <span class='ocrx_word' id='word_1_118' title='bbox 511 1749 641 1815; x_wconf 88' lang='lat' dir='ltr'>tempus,</span> <span class='ocrx_word' id='word_1_119' title='bbox 659 1755 718 1812; x_wconf 88' lang='lat' dir='ltr'>quo</span> <span class='ocrx_word' id='word_1_120' title='bbox 733 1736 931 1807; x_wconf 88' lang='lat' dir='ltr'>Domitianus,</span> <span class='ocrx_word' id='word_1_121' title='bbox 948 1757 1009 1795; x_wconf 92' lang='lat' dir='ltr'>non</span> <span class='ocrx_word' id='word_1_122' title='bbox 1019 1737 1084 1816; x_wconf 90' lang='lat' dir='ltr'>jam</span> 
     </span>
     <span class='ocr_line' id='line_1_17' title="bbox 131 1831 1086 1911; baseline 0.002 -20"><span class='ocrx_word' id='word_1_123' title='bbox 131 1851 190 1911; x_wconf 86' lang='lat' dir='ltr'>per</span> <span class='ocrx_word' id='word_1_124' title='bbox 207 1832 364 1892; x_wconf 84' lang='lat' dir='ltr'>intervalla</span> <span class='ocrx_word' id='word_1_125' title='bbox 381 1853 417 1891; x_wconf 90' lang='lat' dir='ltr'>ac</span> <span class='ocrx_word' id='word_1_126' title='bbox 435 1831 617 1910; x_wconf 86' lang='lat' dir='ltr'>spiramenta</span> <span class='ocrx_word' id='word_1_127' title='bbox 631 1845 809 1911; x_wconf 89' lang='lat' dir='ltr'>temporum,</span> <span class='ocrx_word' id='word_1_128' title='bbox 826 1831 880 1890; x_wconf 86' lang='lat' dir='ltr'>sed</span> <span class='ocrx_word' id='word_1_129' title='bbox 900 1832 1042 1893; x_wconf 89' lang='lat' dir='ltr'>contiuuo</span> <span class='ocrx_word' id='word_1_130' title='bbox 1055 1845 1086 1893; x_wconf 89' lang='lat' dir='ltr'>et</span> 
     </span>
     <span class='ocr_line' id='line_1_18' title="bbox 132 1927 770 2007; baseline 0 -20"><span class='ocrx_word' id='word_1_131' title='bbox 132 1929 216 1987; x_wconf 83' lang='lat' dir='ltr'>velut</span> <span class='ocrx_word' id='word_1_132' title='bbox 229 1949 291 1988; x_wconf 91' lang='lat' dir='ltr'>uno</span> <span class='ocrx_word' id='word_1_133' title='bbox 305 1929 376 1999; x_wconf 89' lang='lat' dir='ltr'>ictu,</span> <span class='ocrx_word' id='word_1_134' title='bbox 389 1928 608 2007; x_wconf 80' lang='lat' dir='ltr'>rempublicam</span> <span class='ocrx_word' id='word_1_135' title='bbox 622 1927 770 1987; x_wconf 87' lang='lat' dir='ltr'>exhausit.</span> 
     </span>
    </p>

    <p class='ocr_par' dir='ltr' id='par_1_3' title="bbox 132 2020 1087 3159">
     <span class='ocr_line' id='line_1_19' title="bbox 171 2020 1085 2102; baseline 0.004 -20"><span class='ocrx_word' id='word_1_136' title='bbox 171 2022 273 2083; x_wconf 89' lang='lat' dir='ltr'>XLV.</span> <span class='ocrx_word' id='word_1_137' title='bbox 293 2025 324 2082; x_wconf 96' lang='lat' dir='ltr'>N</span> <span class='ocrx_word' id='word_1_138' title='bbox 327 2043 364 2082; x_wconf 91' lang='lat' dir='ltr'>on</span> <span class='ocrx_word' id='word_1_139' title='bbox 373 2022 446 2082; x_wconf 82' lang='lat' dir='ltr'>vidit</span> <span class='ocrx_word' id='word_1_140' title='bbox 454 2023 597 2102; x_wconf 86' lang='lat' dir='ltr'>Agricola</span> <span class='ocrx_word' id='word_1_141' title='bbox 610 2025 763 2082; x_wconf 85' lang='lat' dir='ltr'>obsessam</span> <span class='ocrx_word' id='word_1_142' title='bbox 777 2025 899 2095; x_wconf 88' lang='lat' dir='ltr'>curiam,</span> <span class='ocrx_word' id='word_1_143' title='bbox 909 2020 940 2085; x_wconf 84' lang='lat' dir='ltr'>et</span> <span class='ocrx_word' id='word_1_144' title='bbox 953 2027 1085 2086; x_wconf 89' lang='lat' dir='ltr'>clausum</span> 
     </span>
     <span class='ocr_line' id='line_1_20' title="bbox 134 2119 1084 2198; baseline 0.003 -21"><span class='ocrx_word' id='word_1_145' title='bbox 134 2119 223 2178; x_wconf 89' lang='lat' dir='ltr'>armis</span> <span class='ocrx_word' id='word_1_146' title='bbox 240 2132 385 2189; x_wconf 88' lang='lat' dir='ltr'>senatum,</span> <span class='ocrx_word' id='word_1_147' title='bbox 403 2132 435 2179; x_wconf 89' lang='lat' dir='ltr'>et</span> <span class='ocrx_word' id='word_1_148' title='bbox 457 2120 563 2179; x_wconf 89' lang='lat' dir='ltr'>eadem</span> <span class='ocrx_word' id='word_1_149' title='bbox 579 2132 677 2198; x_wconf 86' lang='lat' dir='ltr'>strage</span> <span class='ocrx_word' id='word_1_150' title='bbox 695 2133 738 2178; x_wconf 91' lang='lat' dir='ltr'>tot</span> <span class='ocrx_word' id='word_1_151' title='bbox 755 2123 958 2181; x_wconf 88' lang='lat' dir='ltr'>consularium</span> <span class='ocrx_word' id='word_1_152' title='bbox 976 2122 1084 2192; x_wconf 81' lang='lat' dir='ltr'>caedes,</span> 
     </span>
     <span class='ocr_line' id='line_1_21' title="bbox 133 2215 1084 2296; baseline 0.004 -23"><span class='ocrx_word' id='word_1_153' title='bbox 133 2227 179 2274; x_wconf 89' lang='lat' dir='ltr'>tot</span> <span class='ocrx_word' id='word_1_154' title='bbox 193 2215 442 2274; x_wconf 89' lang='lat' dir='ltr'>nobilissimarum</span> <span class='ocrx_word' id='word_1_155' title='bbox 454 2215 634 2275; x_wconf 88' lang='lat' dir='ltr'>feminarum</span> <span class='ocrx_word' id='word_1_156' title='bbox 650 2216 754 2275; x_wconf 88' lang='lat' dir='ltr'>exsilia</span> <span class='ocrx_word' id='word_1_157' title='bbox 771 2229 802 2276; x_wconf 89' lang='lat' dir='ltr'>et</span> <span class='ocrx_word' id='word_1_158' title='bbox 814 2217 908 2296; x_wconf 86' lang='lat' dir='ltr'>fugas.</span> <span class='ocrx_word' id='word_1_159' title='bbox 948 2217 1019 2277; x_wconf 90' lang='lat' dir='ltr'>Una</span> <span class='ocrx_word' id='word_1_160' title='bbox 1033 2217 1084 2277; x_wconf 90' lang='lat' dir='ltr'>ad·</span> 
     </span>
     <span class='ocr_line' id='line_1_22' title="bbox 132 2311 1085 2383; baseline 0.003 -13"><span class='ocrx_word' id='word_1_161' title='bbox 132 2311 192 2370; x_wconf 88' lang='lat' dir='ltr'>huc</span> <span class='ocrx_word' id='word_1_162' title='bbox 207 2312 330 2370; x_wconf 83' lang='lat' dir='ltr'>victoria</span> <span class='ocrx_word' id='word_1_163' title='bbox 346 2312 443 2372; x_wconf 81' lang='lat' dir='ltr'>Carus</span> <span class='ocrx_word' id='word_1_164' title='bbox 460 2312 572 2371; x_wconf 90' lang='lat' dir='ltr'>Metius</span> <span class='ocrx_word' id='word_1_165' title='bbox 592 2313 776 2383; x_wconf 87' lang='lat' dir='ltr'>censebatur,</span> <span class='ocrx_word' id='word_1_166' title='bbox 794 2326 825 2371; x_wconf 89' lang='lat' dir='ltr'>et</span> <span class='ocrx_word' id='word_1_167' title='bbox 843 2314 920 2372; x_wconf 89' lang='lat' dir='ltr'>intra</span> <span class='ocrx_word' id='word_1_168' title='bbox 935 2313 1085 2373; x_wconf 87' lang='lat' dir='ltr'>Albanam</span> 
     </span>
     <span class='ocr_line' id='line_1_23' title="bbox 133 2408 1086 2488; baseline 0.003 -23"><span class='ocrx_word' id='word_1_169' title='bbox 133 2426 234 2466; x_wconf 89' lang='lat' dir='ltr'>arcem</span> <span class='ocrx_word' id='word_1_170' title='bbox 248 2408 396 2467; x_wconf 86' lang='lat' dir='ltr'>sententia</span> <span class='ocrx_word' id='word_1_171' title='bbox 409 2408 561 2467; x_wconf 89' lang='lat' dir='ltr'>Messalini</span> <span class='ocrx_word' id='word_1_172' title='bbox 575 2409 735 2488; x_wconf 89' lang='lat' dir='ltr'>strepebat,</span> <span class='ocrx_word' id='word_1_173' title='bbox 747 2422 777 2467; x_wconf 91' lang='lat' dir='ltr'>et</span> <span class='ocrx_word' id='word_1_174' title='bbox 786 2409 889 2468; x_wconf 89' lang='lat' dir='ltr'>Massa</span> <span class='ocrx_word' id='word_1_175' title='bbox 898 2409 1011 2468; x_wconf 89' lang='lat' dir='ltr'>Bebius</span> <span class='ocrx_word' id='word_1_176' title='bbox 1020 2411 1086 2488; x_wconf 91' lang='lat' dir='ltr'>jam</span> 
     </span>
     <span class='ocr_line' id='line_1_24' title="bbox 132 2505 1085 2564; baseline 0.001 -1"><span class='ocrx_word' id='word_1_177' title='bbox 132 2515 198 2563; x_wconf 92' lang='lat' dir='ltr'>tum</span> <span class='ocrx_word' id='word_1_178' title='bbox 213 2524 281 2563; x_wconf 88' lang='lat' dir='ltr'>reus</span> <span class='ocrx_word' id='word_1_179' title='bbox 295 2517 367 2563; x_wconf 90' lang='lat' dir='ltr'>erat.</span> <span class='ocrx_word' id='word_1_180' title='bbox 407 2505 482 2563; x_wconf 88' lang='lat' dir='ltr'>Mox</span> <span class='ocrx_word' id='word_1_181' title='bbox 498 2518 606 2564; x_wconf 83' lang='lat' dir='ltr'>nostiae</span> <span class='ocrx_word' id='word_1_182' title='bbox 621 2505 735 2563; x_wconf 86' lang='lat' dir='ltr'>duxere</span> <span class='ocrx_word' id='word_1_183' title='bbox 749 2505 925 2563; x_wconf 89' lang='lat' dir='ltr'>Helvidium</span> <span class='ocrx_word' id='word_1_184' title='bbox 939 2505 971 2562; x_wconf 93' lang='lat' dir='ltr'>in</span> <span class='ocrx_word' id='word_1_185' title='bbox 988 2525 1085 2564; x_wconf 89' lang='lat' dir='ltr'>carce-</span> 
     </span>
     <span class='ocr_line' id='line_1_25' title="bbox 132 2596 1085 2677; baseline 0.002 -19"><span class='ocrx_word' id='word_1_186' title='bbox 132 2620 198 2658; x_wconf 89' lang='lat' dir='ltr'>rem</span> <span class='ocrx_word' id='word_1_187' title='bbox 213 2620 319 2659; x_wconf 91' lang='lat' dir='ltr'>manus</span> <span class='ocrx_word' id='word_1_188' title='bbox 333 2623 341 2660; x_wconf 75' lang='grc' dir='ltr'><strong><em>ε</em></strong></span> <span class='ocrx_word' id='word_1_189' title='bbox 361 2596 415 2659; x_wconf 87' lang='lat' dir='ltr'>nos</span> <span class='ocrx_word' id='word_1_190' title='bbox 429 2600 559 2660; x_wconf 87' lang='lat' dir='ltr'>Maurici</span> <span class='ocrx_word' id='word_1_191' title='bbox 574 2600 751 2677; x_wconf 85' lang='lat' dir='ltr'>Rusticique</span> <span class='ocrx_word' id='word_1_192' title='bbox 764 2599 853 2670; x_wconf 88' lang='lat' dir='ltr'>visus,</span> <span class='ocrx_word' id='word_1_193' title='bbox 866 2620 920 2658; x_wconf 89' lang='lat' dir='ltr'>nos</span> <span class='ocrx_word' id='word_1_194' title='bbox 934 2598 1085 2660; x_wconf 87' lang='lat' dir='ltr'>innocenti</span> 
     </span>
     <span class='ocr_line' id='line_1_26' title="bbox 133 2694 1085 2775; baseline -0.001 -21"><span class='ocrx_word' id='word_1_195' title='bbox 133 2696 277 2774; x_wconf 85' lang='lat' dir='ltr'>sanguine</span> <span class='ocrx_word' id='word_1_196' title='bbox 288 2696 416 2755; x_wconf 89' lang='lat' dir='ltr'>Senecio</span> <span class='ocrx_word' id='word_1_197' title='bbox 424 2695 564 2775; x_wconf 82' lang='lat' dir='ltr'>perfudit.</span> <span class='ocrx_word' id='word_1_198' title='bbox 573 2739 588 2755; x_wconf 37' lang='grc' dir='ltr'>χ</span> <span class='ocrx_word' id='word_1_199' title='bbox 605 2695 691 2752; x_wconf 92' lang='lat' dir='ltr'>Nero</span> <span class='ocrx_word' id='word_1_200' title='bbox 705 2706 805 2751; x_wconf 88' lang='lat' dir='ltr'>tamen</span> <span class='ocrx_word' id='word_1_201' title='bbox 819 2694 965 2752; x_wconf 84' lang='lat' dir='ltr'>subtraxit</span> <span class='ocrx_word' id='word_1_202' title='bbox 975 2696 1085 2766; x_wconf 88' lang='lat' dir='ltr'>oculos,</span> 
     </span>
     <span class='ocr_line' id='line_1_27' title="bbox 134 2780 1086 2872; baseline -0.001 -22"><span class='ocrx_word' id='word_1_203' title='bbox 134 2780 283 2872; x_wconf 83' lang='lat' dir='ltr'>jussitqde</span> <span class='ocrx_word' id='word_1_204' title='bbox 296 2793 418 2861; x_wconf 89' lang='lat' dir='ltr'>scelera,</span> <span class='ocrx_word' id='word_1_205' title='bbox 429 2812 488 2850; x_wconf 92' lang='lat' dir='ltr'>non</span> <span class='ocrx_word' id='word_1_206' title='bbox 499 2790 659 2870; x_wconf 80' lang='lat' dir='ltr'>spectarit:</span> <span class='ocrx_word' id='word_1_207' title='bbox 680 2789 832 2869; x_wconf 80' lang='lat' dir='ltr'>praecipua</span> <span class='ocrx_word' id='word_1_208' title='bbox 845 2790 900 2848; x_wconf 92' lang='lat' dir='ltr'>sub</span> <span class='ocrx_word' id='word_1_209' title='bbox 912 2790 1086 2850; x_wconf 89' lang='lat' dir='ltr'>Domitiano</span> 
     </span>
     <span class='ocr_line' id='line_1_28' title="bbox 134 2883 1087 2967; baseline 0 -21"><span class='ocrx_word' id='word_1_210' title='bbox 134 2887 321 2947; x_wconf 89' lang='lat' dir='ltr'>miseriarum</span> <span class='ocrx_word' id='word_1_211' title='bbox 330 2909 398 2967; x_wconf 89' lang='lat' dir='ltr'>pars</span> <span class='ocrx_word' id='word_1_212' title='bbox 409 2901 480 2958; x_wconf 89' lang='lat' dir='ltr'>erat,</span> <span class='ocrx_word' id='word_1_213' title='bbox 489 2887 593 2946; x_wconf 88' lang='lat' dir='ltr'>videre</span> <span class='ocrx_word' id='word_1_214' title='bbox 603 2899 632 2952; x_wconf 86' lang='lat' dir='ltr'>et</span> <span class='ocrx_word' id='word_1_215' title='bbox 642 2883 765 2964; x_wconf 89' lang='lat' dir='ltr'>adspici,</span> <span class='ocrx_word' id='word_1_216' title='bbox 775 2906 842 2944; x_wconf 90' lang='lat' dir='ltr'>oum</span> <span class='ocrx_word' id='word_1_217' title='bbox 851 2885 979 2966; x_wconf 85' lang='lat' dir='ltr'>suspiria</span> <span class='ocrx_word' id='word_1_218' title='bbox 987 2899 1087 2946; x_wconf 88' lang='lat' dir='ltr'>nostra</span> 
     </span>
     <span class='ocr_line' id='line_1_29' title="bbox 133 2981 1086 3061; baseline -0.001 -18"><span class='ocrx_word' id='word_1_219' title='bbox 133 2984 399 3054; x_wconf 82' lang='lat' dir='ltr'>subscriberentur‚</span> <span class='ocrx_word' id='word_1_220' title='bbox 417 3004 484 3043; x_wconf 88' lang='lat' dir='ltr'>cum</span> <span class='ocrx_word' id='word_1_221' title='bbox 502 2982 678 3043; x_wconf 88' lang='lat' dir='ltr'>denotandis</span> <span class='ocrx_word' id='word_1_222' title='bbox 695 2995 739 3041; x_wconf 89' lang='lat' dir='ltr'>tot</span> <span class='ocrx_word' id='word_1_223' title='bbox 753 2981 907 3040; x_wconf 92' lang='lat' dir='ltr'>hominum</span> <span class='ocrx_word' id='word_1_224' title='bbox 924 2983 1086 3061; x_wconf 89' lang='lat' dir='ltr'>palloribus</span> 
     </span>
     <span class='ocr_line' id='line_1_30' title="bbox 133 3078 1086 3159; baseline 0 -21"><span class='ocrx_word' id='word_1_225' title='bbox 133 3079 282 3138; x_wconf 87' lang='lat' dir='ltr'>sufficeret</span> <span class='ocrx_word' id='word_1_226' title='bbox 291 3100 386 3139; x_wconf 85' lang='lat' dir='ltr'>saevus</span> <span class='ocrx_word' id='word_1_227' title='bbox 396 3079 448 3138; x_wconf 91' lang='lat' dir='ltr'>ille</span> <span class='ocrx_word' id='word_1_228' title='bbox 458 3081 556 3138; x_wconf 83' lang='lat' dir='ltr'>vultus</span> <span class='ocrx_word' id='word_1_229' title='bbox 568 3091 600 3138; x_wconf 84' lang='lat' dir='ltr'>et</span> <span class='ocrx_word' id='word_1_230' title='bbox 610 3078 710 3149; x_wconf 89' lang='lat' dir='ltr'>rubor,</span> <span class='ocrx_word' id='word_1_231' title='bbox 720 3099 779 3155; x_wconf 92' lang='lat' dir='ltr'>quo</span> <span class='ocrx_word' id='word_1_232' title='bbox 789 3098 822 3137; x_wconf 89' lang='lat' dir='ltr'>se</span> <span class='ocrx_word' id='word_1_233' title='bbox 831 3090 931 3138; x_wconf 86' lang='lat' dir='ltr'>contra</span> <span class='ocrx_word' id='word_1_234' title='bbox 938 3078 1086 3159; x_wconf 90' lang='lat' dir='ltr'>pudorem</span> 
     </span>
    </p>
   </div>
   <div class='ocr_carea' id='block_1_3' title="bbox 134 3174 1176 3254">
    <p class='ocr_par' dir='ltr' id='par_1_4' title="bbox 134 3174 1176 3254">
     <span class='ocr_line' id='line_1_31' title="bbox 134 3174 1176 3254; baseline 0.006 -21"><span class='ocrx_word' id='word_1_235' title='bbox 134 3176 292 3234; x_wconf 88' lang='lat' dir='ltr'>muniebat.</span> <span class='ocrx_word' id='word_1_236' title='bbox 348 3176 397 3234; x_wconf 87' lang='lat' dir='ltr'>Tu</span> <span class='ocrx_word' id='word_1_237' title='bbox 419 3196 493 3236; x_wconf 83' lang='lat' dir='ltr'>vero</span> <span class='ocrx_word' id='word_1_238' title='bbox 515 3174 598 3246; x_wconf 87' lang='lat' dir='ltr'>felix,</span> <span class='ocrx_word' id='word_1_239' title='bbox 621 3175 773 3254; x_wconf 88' lang='lat' dir='ltr'>Agricola,</span> <span class='ocrx_word' id='word_1_240' title='bbox 794 3195 854 3232; x_wconf 92' lang='lat' dir='ltr'>non</span> <span class='ocrx_word' id='word_1_241' title='bbox 875 3175 943 3234; x_wconf 88' lang='lat' dir='ltr'>vitae</span> <span class='ocrx_word' id='word_1_242' title='bbox 971 3188 1087 3234; x_wconf 88' lang='lat' dir='ltr'>tantum</span> <span class='ocrx_word' id='word_1_243' title='bbox 1172 3228 1176 3239; x_wconf 86' lang='lat'>.</span> 
     </span>
    </p>
   </div>
   <div class='ocr_carea' id='block_1_4' title="bbox 133 3269 1089 3738">
    <p class='ocr_par' dir='ltr' id='par_1_5' title="bbox 133 3269 1089 3738">
     <span class='ocr_line' id='line_1_32' title="bbox 135 3269 1087 3353; baseline -0.003 -22"><span class='ocrx_word' id='word_1_244' title='bbox 135 3273 277 3345; x_wconf 84' lang='lat' dir='ltr'>claritate,</span> <span class='ocrx_word' id='word_1_245' title='bbox 291 3274 346 3334; x_wconf 89' lang='lat' dir='ltr'>sed</span> <span class='ocrx_word' id='word_1_246' title='bbox 362 3274 451 3333; x_wconf 88' lang='lat' dir='ltr'>etiam</span> <span class='ocrx_word' id='word_1_247' title='bbox 468 3273 690 3353; x_wconf 89' lang='lat' dir='ltr'>opportunitate</span> <span class='ocrx_word' id='word_1_248' title='bbox 708 3271 818 3330; x_wconf 90' lang='lat' dir='ltr'>mortis.</span> <span class='ocrx_word' id='word_1_249' title='bbox 857 3270 903 3329; x_wconf 89' lang='lat' dir='ltr'>Ut</span> <span class='ocrx_word' id='word_1_250' title='bbox 918 3269 1087 3350; x_wconf 68' lang='lat' dir='ltr'>perhibent,</span> 
     </span>
     <span class='ocr_line' id='line_1_33' title="bbox 134 3366 1088 3447; baseline -0.003 -20"><span class='ocrx_word' id='word_1_251' title='bbox 134 3370 186 3447; x_wconf 91' lang='lat' dir='ltr'>qui</span> <span class='ocrx_word' id='word_1_252' title='bbox 207 3368 404 3430; x_wconf 82' lang='lat' dir='ltr'>iuterfuerunt</span> <span class='ocrx_word' id='word_1_253' title='bbox 425 3369 593 3429; x_wconf 88' lang='lat' dir='ltr'>novissimis</span> <span class='ocrx_word' id='word_1_254' title='bbox 615 3368 801 3427; x_wconf 88' lang='lat' dir='ltr'>sermonibus</span> <span class='ocrx_word' id='word_1_255' title='bbox 818 3366 885 3435; x_wconf 85' lang='lat' dir='ltr'>tuis,</span> <span class='ocrx_word' id='word_1_256' title='bbox 900 3378 1036 3424; x_wconf 87' lang='lat' dir='ltr'>constans</span> <span class='ocrx_word' id='word_1_257' title='bbox 1056 3377 1088 3424; x_wconf 89' lang='lat' dir='ltr'>et</span> 
     </span>
     <span class='ocr_line' id='line_1_34' title="bbox 133 3459 1088 3544; baseline -0.004 -21"><span class='ocrx_word' id='word_1_258' title='bbox 133 3465 232 3525; x_wconf 89' lang='lat' dir='ltr'>libens</span> <span class='ocrx_word' id='word_1_259' title='bbox 244 3465 339 3524; x_wconf 87' lang='lat' dir='ltr'>fatum</span> <span class='ocrx_word' id='word_1_260' title='bbox 352 3465 514 3544; x_wconf 80' lang='lat' dir='ltr'>excepisti3</span> <span class='ocrx_word' id='word_1_261' title='bbox 536 3477 688 3541; x_wconf 89' lang='lat' dir='ltr'>tamquam</span> <span class='ocrx_word' id='word_1_262' title='bbox 698 3483 755 3542; x_wconf 91' lang='lat' dir='ltr'>pro</span> <span class='ocrx_word' id='word_1_263' title='bbox 764 3461 842 3520; x_wconf 82' lang='lat' dir='ltr'>virili</span> <span class='ocrx_word' id='word_1_264' title='bbox 853 3460 992 3539; x_wconf 91' lang='lat' dir='ltr'>portione</span> <span class='ocrx_word' id='word_1_265' title='bbox 1005 3459 1088 3519; x_wconf 89' lang='lat' dir='ltr'>inno·</span> 
     </span>
     <span class='ocr_line' id='line_1_35' title="bbox 135 3554 1089 3641; baseline -0.004 -22"><span class='ocrx_word' id='word_1_266' title='bbox 135 3560 268 3620; x_wconf 90' lang='lat' dir='ltr'>centiam</span> <span class='ocrx_word' id='word_1_267' title='bbox 294 3561 423 3641; x_wconf 87' lang='lat' dir='ltr'>principi</span> <span class='ocrx_word' id='word_1_268' title='bbox 446 3560 582 3619; x_wconf 88' lang='lat' dir='ltr'>donares.</span> <span class='ocrx_word' id='word_1_269' title='bbox 635 3557 697 3616; x_wconf 84' lang='lat' dir='ltr'>Sed</span> <span class='ocrx_word' id='word_1_270' title='bbox 724 3554 798 3615; x_wconf 90' lang='lat' dir='ltr'>mihi</span> <span class='ocrx_word' id='word_1_271' title='bbox 821 3555 958 3632; x_wconf 80' lang='lat' dir='ltr'>filiaeque,</span> <span class='ocrx_word' id='word_1_272' title='bbox 979 3567 1089 3634; x_wconf 71' lang='lat' dir='ltr'>praeter</span> 
     </span>
     <span class='ocr_line' id='line_1_36' title="bbox 135 3650 1089 3738; baseline -0.001 -23"><span class='ocrx_word' id='word_1_273' title='bbox 135 3657 326 3717; x_wconf 87' lang='lat' dir='ltr'>acerbitatem</span> <span class='ocrx_word' id='word_1_274' title='bbox 346 3657 475 3738; x_wconf 86' lang='lat' dir='ltr'>parentis</span> <span class='ocrx_word' id='word_1_275' title='bbox 496 3654 604 3734; x_wconf 86' lang='lat' dir='ltr'>erepti,</span> <span class='ocrx_word' id='word_1_276' title='bbox 619 3665 709 3732; x_wconf 85' lang='lat' dir='ltr'>auget</span> <span class='ocrx_word' id='word_1_277' title='bbox 725 3651 904 3723; x_wconf 86' lang='lat' dir='ltr'>moestitism,</span> <span class='ocrx_word' id='word_1_278' title='bbox 918 3650 1089 3729; x_wconf 73' lang='lat' dir='ltr'>quodami-</span> 
     </span>
    </p>
   </div>
   <div class='ocr_carea' id='block_1_5' title="bbox 0 0 1208 4290">
    <p class='ocr_par' dir='ltr' id='par_1_6' title="bbox 0 0 1208 4290">
     <span class='ocr_line' id='line_1_37' title="bbox 0 0 1208 4290; baseline 0 0"><span class='ocrx_word' id='word_1_279' title='bbox 0 0 1208 4290; x_wconf 95' lang='lat' dir='ltr'> </span> 
     </span>
    </p>
   </div>
  </div>
 </body>
</html>
