2400 4290
312 277 352 318 na
374 275 663 318 annulum—cnr.
681 275 895 318 xxxviia-xa.
1042 260 1080 318 19

127 428 196 478 una,
214 421 247 466 ut
263 408 420 466 Cattorum
438 406 700 477 Tencterorumve,
718 428 808 486 gener
834 408 980 486 majorem
1000 407 1080 465 enim

126 503 297 562 Germaniae
323 489 438 582 partem
466 504 607 574 obtinent,
632 504 761 582 propriis
789 502 884 561 adhuc
910 503 1079 560 nationibus

125 599 353 675 nominibusque
367 596 496 666 discreti,
511 618 690 675 quamquam
705 598 735 656 in
753 618 911 657 commune
927 598 1017 658 Sustri
1030 618 1079 656 vo·

50 744 65 753 .
126 708 238 753 centur.
287 695 406 772 Insigne
427 695 523 772 gentis
543 694 698 771 obliquare
719 694 832 752 crinem
853 694 992 772 nodoque
1012 693 1079 751 sub·

125 790 279 868 stringere.
327 790 378 848 Sic
396 790 486 848 Suevi
504 810 522 849 a
538 791 645 849 ceteris
662 790 833 860 Germanis,
851 791 894 848 sic
911 791 1080 849 Suanorum

126 885 249 963 ingen'ui
266 907 284 944 a
305 886 396 945 servis
416 900 600 964 separantur.
642 887 679 945 In
696 888 761 945 aliis
778 887 925 966 gentibus,
940 908 994 946 seu
1011 908 1080 966 cog·
1138 929 1142 944 .

125 982 245 1040 natione
262 981 361 1059 aliqua
375 982 554 1052 saevorum,
569 983 730 1061 seu(quod
748 1003 828 1060 saepe
845 983 966 1060 accidit)
983 982 1078 1041 imita·

125 1076 216 1146 tione,
225 1097 324 1135 rarum
336 1090 366 1135 et
376 1077 454 1136 intra
462 1078 596 1156 juventae
608 1079 750 1156 spatium
770 1078 849 1157 apud
858 1078 972 1137 Suevos
983 1099 1079 1157 usque

126 1172 165 1231 ad
178 1172 316 1231 canitiem
329 1173 497 1231 horrentem
513 1173 655 1252 capillum
669 1185 747 1232 retro
761 1186 934 1258 sequuntur,
949 1194 983 1232 ac
998 1194 1079 1253 saepe

97 1327 102 1338 ,
125 1268 156 1326 in
173 1269 239 1348 ipso
254 1270 319 1327 solo
334 1269 444 1327 vertice
461 1269 563 1346 ligant.
603 1268 762 1348 Principes
783 1281 813 1328 et
834 1270 1012 1327 ornatiorem
1027 1269 1079 1328 ha·

125 1365 213 1423 bent:
236 1385 273 1423 ea
283 1385 357 1422 cura
365 1364 478 1432 formae,
488 1363 542 1422 sed
552 1363 682 1423 innoxia.
724 1365 832 1442 Neque
844 1365 923 1423 enim
935 1377 968 1423 ut
979 1377 1079 1424 ament

126 1473 315 1528 amenturve3
337 1460 368 1517 in
382 1458 567 1518 altitudinem
581 1460 741 1537 quamdam
755 1471 785 1518 et
801 1473 955 1531 terrorem,
970 1459 1079 1519 adituri

125 1557 213 1624 bella,
229 1553 329 1625 comti,
351 1565 384 1613 ut
409 1555 537 1613 bostium
552 1554 646 1613 oculis
670 1569 819 1614 ornantur.
851 1594 853 1599 .

164 1652 315 1710 XXXIX.
350 1651 558 1709 Vetustissimos
588 1670 617 1707 se
645 1651 891 1728 nobilissimosque
921 1651 1078 1711 Succorum

126 1746 287 1805 Semnones
303 1758 477 1805 memorant.
518 1745 612 1804 Fides
630 1745 807 1822 antiquitatis
823 1746 969 1824 religione
983 1746 1078 1804 firma·

124 1855 181 1900 tur.
222 1842 306 1900 Stato
324 1855 461 1922 tempore
477 1841 507 1899 in
524 1841 637 1911 silvam,
652 1841 784 1920 auguriis
798 1853 918 1920 patrum
936 1855 966 1901 et
979 1841 1079 1919 prisca

124 1937 282 1996 formidine
302 1958 423 2009 sacram,
439 1956 541 1996 omnes
558 1936 690 2015 ejusdem
714 1938 864 2015 sanguinis
880 1939 982 2016 populi
997 1939 1077 2015 lega·

123 2034 252 2093 tionibus
261 2040 376 2103 coeunt,
386 2053 525 2109 caesoque
536 2032 657 2111 publice
667 2033 787 2092 homine
797 2035 949 2109 celebrant
958 2035 1077 2092 barbari

39 2178 48 2183 .
122 2130 196 2189 ritus
216 2131 364 2189 horrenda
386 2131 552 2210 primordia.
601 2131 659 2190 Est
680 2145 710 2191 et
731 2133 788 2191 alia
805 2135 876 2193 luco
897 2135 1076 2194 reverentia.
1107 2190 1110 2196 .

124 2227 225 2285 Nemo
241 2226 297 2284 nisi
311 2226 430 2285 vinculo
443 2227 552 2304 ligatus
566 2226 743 2304 ingreditur,
758 2242 791 2286 ut
810 2229 915 2298 minor,
929 2244 961 2288 et
977 2244 1076 2308 potes·

122 2334 215 2380 tatem
229 2321 356 2380 numinis
367 2343 429 2400 prae
441 2341 474 2379 se
485 2321 602 2382 ferens:
623 2322 648 2384 si
659 2323 734 2382 forte
748 2326 905 2404 prolapsus
920 2337 973 2396 est,
985 2327 1076 2384 attolli

122 2431 154 2476 et
163 2416 317 2495 insurgere
328 2417 408 2476 haud
418 2417 532 2476 licitum
543 2441 551 2477 ι
568 2412 624 2497 per
633 2421 757 2478 humum
768 2423 960 2482 evolvuntur:
979 2443 1075 2500 eoque

123 2513 217 2571 omnis
231 2512 404 2591 superstitio
417 2513 546 2592 respicit,
561 2527 715 2592 tamquam
729 2515 799 2574 inde
814 2516 897 2574 initia
910 2517 1018 2595 gentis,
1033 2518 1075 2576 ibi

120 2621 264 2686 regnator
284 2608 417 2666 omnium
439 2608 522 2678 deus,
544 2622 644 2668 cetera
664 2610 800 2687 subjecta
822 2624 910 2687 atque
930 2613 1074 2689 parentia.
1145 2670 1147 2674 Α

122 2704 237 2783 Adjicit
254 2704 460 2762 auctoritatem
476 2704 593 2763 fortuna
606 2705 800 2763 Semnonum.
842 2706 972 2764 Centum
989 2708 1075 2784 pagis

121 2799 273 2859 habitant:
300 2819 470 2879 magnoque
495 2820 618 2880 corpore
643 2799 776 2869 efficitur,
798 2813 831 2858 nt
853 2821 886 2860 se
907 2797 1074 2862 saevorum

122 2909 212 2974 caput
225 2895 355 2954 credant

159 2990 229 3050 XL.
250 2991 363 3049 Contra
379 2991 594 3069 Langobardos
609 2992 744 3071 paucitas
764 2993 918 3054 nobilitat:
939 2995 1074 3074 plurimis

121 3107 157 3146 ac
170 3087 378 3145 valentissimis
392 3087 561 3146 nationibus
576 3088 673 3158 cincti,
684 3109 743 3147 non
758 3110 812 3167 per
825 3091 1009 3170 obsequium,
1021 3092 1074 3152 sed

120 3182 234 3261 proeliis
258 3195 289 3240 ct
312 3181 509 3261 periclitando
534 3183 589 3261 tuti
612 3197 689 3243 sunt
736 3185 888 3265 Reudigni
910 3187 1018 3246 deiude
1043 3202 1074 3247 et

121 3279 256 3337 Aviones
276 3290 311 3337 et
325 3278 416 3355 Angli
434 3291 465 3336 et
477 3278 584 3337 Varini
602 3291 632 3337 et
648 3280 785 3340 Eudoses
807 3295 837 3340 et
853 3283 1026 3341 Suardones
1043 3297 1074 3341 et

121 3373 291 3432 Nuithones
306 3373 478 3431 fluminibus
500 3387 552 3432 ant
575 3375 655 3432 silvis
676 3377 857 3436 muniuntur.
899 3378 966 3435 Nec
988 3377 1077 3462 quid3

121 3489 210 3548 quam
223 3469 355 3533 notabile
365 3469 395 3526 in
406 3468 538 3547 singulis,
549 3469 603 3526 nisi
616 3471 696 3547 quod
706 3470 737 3529 in
748 3491 903 3531 commune
913 3472 1071 3540 Hertham,

119 3564 150 3625 id
164 3577 221 3647 est,
235 3565 363 3624 Terram
379 3577 512 3638 matrem,
522 3566 631 3634 colunt,
646 3586 772 3643 eamque
787 3564 965 3624 intervenire
982 3567 1072 3626 rebus

118 3661 285 3733 hominum,
311 3660 410 3720 invehi
439 3659 566 3740 populis,
594 3660 781 3720 arbitrantur.
834 3661 892 3720 Est
918 3661 948 3720 in
975 3663 1072 3723 insula
