2400 4290
839 160 852 193 ι’

136 233 179 293 42
414 246 445 286 c.
470 208 645 295 sornatius
667 243 811 292 aturrus.

106 452 110 459 .
135 398 191 437 noa
201 397 329 455 quoque,
339 388 373 435 ut
386 397 425 434 ex
435 376 558 455 captivis
569 375 754 445 audiebatur,
765 377 829 434 visa
839 375 940 435 classis
952 378 1090 456 obstupe·

134 474 271 544 faciebat,
283 486 435 550 tamquam
445 484 549 550 aperto
563 472 653 530 maris
667 471 714 529 sui
728 483 843 531 secreto
857 472 995 530 ultimum
1006 473 1091 530 victis

134 569 306 648 perfugium
334 567 530 627 clauderetur.
580 568 630 626 Ad
658 587 762 627 manus
791 580 822 627 et
849 587 931 626 arma
956 570 1091 627 conversi

136 664 335 724 Caledoniam
344 664 508 723 incolentes
518 664 632 743 populi,
641 676 747 742 paratu
761 684 878 742 magno,
888 666 1001 743 majore
1011 665 1092 724 fama

137 760 193 838 (uti
210 780 276 819 mos
292 773 337 820 est
353 759 391 818 de
409 759 532 839 ignotis)
547 779 736 838 oppugnasse
754 760 842 829 ultre,
857 761 977 818 castella
994 759 1091 817 adorti

135 867 249 914 metum
260 867 292 914 ut
302 869 497 934 provocantes
509 855 698 924 addiderant3
717 855 1005 933 regrediendumque
1017 856 1092 913 citra

135 951 321 1021 Bodotriam,
329 964 360 1009 et
367 951 575 1010 excedendum
583 951 683 1029 potius
691 970 780 1027 quam
792 951 981 1027 pellerentur,
991 951 1091 1028 specie

136 1046 329 1128 prudentium
349 1047 450 1125 ignavi
466 1047 683 1114 admonebant;
705 1065 774 1104 curn
790 1045 911 1103 interim
931 1045 1091 1124 cognoscit,

135 1134 235 1202 hoste's
251 1142 387 1221 pluribus
404 1141 569 1219 agminibus
586 1140 760 1217 irrupturos.
800 1141 858 1210 Ac,
872 1160 912 1198 ne
927 1153 1091 1219 superante

134 1248 260 1296 numero
276 1248 307 1295 et
322 1235 432 1314 peritia
447 1238 579 1294 locorum
596 1234 814 1305 circumiretur,
829 1235 923 1293 diviso
938 1248 968 1292 et
982 1235 1047 1313 ipse
1061 1237 1093 1293 in

135 1343 196 1390 tres
209 1330 311 1408 partes
325 1331 458 1389 exercitu
471 1330 602 1388 incessit.

157 1440 160 1445 ’
174 1426 295 1486 XXVI.
316 1425 410 1497 Quod
423 1426 475 1483 ubi
489 1425 640 1503 cognitum
654 1424 741 1496 hosti,
755 1438 866 1498 mutato
880 1438 1004 1504 repente
1022 1446 1091 1485 con·

135 1523 212 1595 silio,
234 1521 367 1581 universi
390 1540 501 1579 nonam
523 1522 683 1600 legionem,
707 1535 741 1580 ut
766 1521 898 1580 maxime
921 1522 1091 1593 invalidam,

134 1632 222 1679 nocte
231 1618 373 1698 aggressi,
381 1617 460 1677 inter
469 1637 607 1675 somnum
618 1638 653 1676 ac
662 1617 893 1696 trepidationem
904 1617 989 1676 caesis
997 1617 1092 1695 vigili·

135 1717 201 1788 bus,
210 1717 352 1794 irrupere.
385 1714 517 1792 Jamque
527 1714 557 1771 in
569 1712 642 1792 ipsis
651 1714 753 1789 castris
761 1714 943 1792 pugnabant,
953 1735 1020 1771 cum
1030 1715 1091 1791 Ag·

134 1811 239 1883 ricula,
253 1813 312 1871 iter
324 1811 455 1870 hostiurn
469 1811 507 1868 ab
521 1810 758 1888 exploratoribus
775 1809 898 1869 edoctus
913 1821 944 1867 et
957 1809 1091 1886 vestigiis

135 1907 297 1977 insecuna
308 1907 513 1966 velocissimos
528 1906 662 1982 equitum
671 1905 867 1983 peditumque
882 1907 1024 1963 assultare
1034 1916 1091 1962 ter-

135 2004 182 2082 gis
194 2003 393 2082 pugnantium
400 2002 497 2079 jubet,
511 2020 583 2059 mox
598 2000 635 2058 ab
649 2000 794 2058 universis
808 1999 897 2078 adjici
911 2002 1091 2059 clamorem:

136 2109 168 2156 et
183 2096 352 2175 propinqua
368 2097 437 2154 luce
452 2095 563 2153 fulsere
580 2095 682 2172 signa:
703 2094 745 2152 ita
761 2094 883 2172 ancipiti
900 2096 978 2152 malo
998 2095 1092 2153 territi

135 2191 290 2261 Britanni3
313 2203 345 2251 et
357 2189 501 2248 Romanis
514 2189 592 2248 redit
609 2189 731 2258 animm,
745 2209 789 2259 ac,
803 2190 902 2247 securi
915 2210 970 2268 pro
986 2192 1091 2262 salute,

136 2287 175 2346 de
196 2286 291 2365 gloria
307 2286 469 2345 certabant.
509 2284 599 2344 Ultro
615 2284 687 2361 quin
703 2284 793 2343 etiam
809 2285 961 2362 irrupere3
990 2298 1020 2343 et
1036 2285 1092 2344 fuit

136 2395 222 2443 atrox
241 2382 273 2439 in
292 2381 367 2461 ipsis
386 2392 540 2459 portarum
564 2379 707 2458 angustiis
725 2381 875 2459 proelium,
894 2380 991 2439 donec
1010 2382 1092 2458 pulsi

134 2479 253 2551 hostes;
275 2489 400 2554 unoque
425 2476 560 2535 exercitu
584 2487 726 2547 certante,
739 2475 795 2545 his,
812 2489 846 2535 ut
865 2477 969 2534 tulisse
992 2497 1091 2555 opem,

135 2574 204 2645 illis,
218 2594 258 2632 ne
269 2573 387 2652 eguisse
401 2572 514 2631 auxilio
524 2571 707 2631 viderentur.
748 2571 841 2644 Quod
852 2571 909 2632 nisi
922 2571 1047 2652 paludes
1061 2585 1093 2631 et

136 2670 219 2730 silvae
232 2669 380 2748 fugientes
392 2667 544 2737 texissent,
559 2667 741 2727 debellatum
755 2668 807 2728 illa
819 2669 945 2728 victoria
958 2669 1042 2729 foret.

176 2765 314 2825 XXVII.
332 2765 428 2843 Cujus
438 2764 603 2824 constantia
618 2784 653 2823 ac
664 2763 743 2823 fama
752 2764 838 2823 ferox
848 2765 1007 2836 exercitus,
1016 2766 1094 2824 nihil

136 2861 241 2921 virtuti
261 2880 320 2919 aare
341 2861 453 2919 invium
461 2883 475 2928 ;
499 2860 711 2936 penetrandam
731 2859 931 2931 Caledoniam,
951 2863 1092 2920 inveniere

136 2954 260 3032 dumque
280 2955 397 3014 tandm
414 2956 583 3013 Britannica
603 2955 758 3012 terminum
776 2957 908 3013 omnmo
922 2957 1093 3032 proelioram

136 3068 230 3119 curru,
249 3049 435 3108 fremebant:
465 3062 554 3126 atque
582 3049 625 3107 illi
652 3049 742 3108 modo
769 3049 848 3109 cauti
873 3070 909 3109 ac
934 3051 1092 3130 sapientes,

136 3144 246 3225 promti
276 3155 346 3223 post
373 3155 513 3202 eventum
530 3163 565 3203 ac
584 3144 767 3222 magniloqui
784 3157 887 3205 erant:
907 3146 1094 3223 iniquissima

136 3239 201 3299 baec
210 3239 357 3299 bellorum
367 3238 497 3298 conditio
511 3250 568 3311 est;
586 3258 733 3319 prospera
746 3259 849 3300 omnes
863 3240 921 3300 sibi
932 3241 1092 3315 vindicant,

136 3334 263 3395 adversa
286 3335 339 3392 uni
361 3333 554 3414 imputantur.
601 3335 646 3393 At
664 3335 799 3394 Britanni
820 3335 882 3396 n'on
899 3337 1016 3410 virtute,
1037 3340 1093 3399 sed

136 3432 291 3492 oecmione
306 3444 337 3490 et
351 3443 415 3490 arte
429 3429 513 3489 ducis
526 3430 592 3503 rati,
602 3430 674 3490 nihil
691 3451 731 3490 ex
748 3432 918 3512 arrogantia
928 3435 1092 3506 remittere,

136 3548 196 3609 quo
217 3530 316 3589 minus
333 3529 524 3608 juventutem
545 3541 702 3600 armarent,
716 3523 860 3610 conjuges
881 3551 916 3591 ac
935 3531 1045 3592 liberos
1061 3532 1093 3592 in

135 3626 147 3645 ,
177 3638 272 3672 ..aaa
281 3624 489 3698 transferrent,
498 3623 831 3687 coetibusacsacrificiis
842 3626 1015 3715 conspirf‘²·
