2400 4290
417 253 444 295 G·
466 250 641 294 CORNELIUS
663 251 806 295 TACI'I'US.

125 381 198 444 dere
222 383 395 454 valetudini,
415 383 518 443 fovere
542 383 741 454 deficientem,
762 383 863 443 satiari
886 385 982 455 vultu,
999 402 1083 449 com·

124 481 228 559 plexu,
238 500 300 539 non
314 479 445 558 contigit.
485 480 721 559 Excepissemus
736 493 817 540 certe
831 480 971 539 mandata
980 502 1083 541 voces·

125 594 194 652 que,
214 566 288 652 quas
309 575 430 654 penitus
452 575 551 635 animo
573 575 741 654 figeremus.
782 576 894 635 Noster
914 576 964 635 hic
985 577 1082 647 dolor,

123 683 258 730 nostrum
279 673 402 743 vulnus3
431 672 518 731 nobis
540 683 602 730 tarn
621 673 723 750 ,longae
748 672 889 731 absentiae
911 670 1083 731 conditione

125 779 193 826 ante
203 767 433 845 quadriennium
444 768 568 828 amissus
580 789 622 828 es.
662 767 772 828 Omnia
780 767 846 826 sine
856 767 958 838 dubie,
968 769 1083 847 optime

124 874 295 940 pareatum,
304 861 454 922 assidente
465 862 665 922 amantissima
674 882 779 933 uxore,
790 861 966 941 superfuere
976 862 1083 921 honori

123 969 195 1017 tuo:
215 958 408 1038 paucioribus
423 971 525 1018 tamen
537 958 669 1018 lacrimis
686 958 868 1036 compositus
885 977 928 1028 es,
942 971 972 1017 et
984 959 1081 1016 novia-

125 1052 201 1113 sima
214 1053 246 1112 in
259 1055 328 1114 luce
343 1054 553 1114 desideravere
568 1053 680 1132 aliquid
696 1054 775 1113 oculi
789 1054 842 1113 tui.

106 1161 111 1171 “
163 1149 284 1208 XLVI.
305 1149 339 1207 Si
350 1150 415 1227 quis
425 1151 543 1229 piorum
554 1150 691 1208 manibus
705 1150 798 1220 locus,
806 1149 841 1217 si,
851 1162 884 1208 ut
896 1149 1082 1238 sapientibus

124 1245 233 1322 placet,
249 1264 310 1303 non
331 1263 400 1302 cum
424 1264 550 1323 corpore
575 1244 804 1322 exstinguuntur
824 1265 940 1323 magnae
962 1246 1081 1322 animae,

123 1338 243 1422 placide
265 1339 409 1416 quiescas,
426 1359 549 1417 nosque,
564 1339 686 1398 domum
706 1352 799 1409 tuam,
815 1341 853 1398 ab
869 1340 986 1400 infirmo
1003 1340 1083 1400 desi·

125 1433 212 1492 derio
229 1445 260 1492 et
276 1434 475 1492 muliebribus
488 1434 624 1492 lamentis
641 1433 680 1493 ad
694 1435 979 1513 contemplationem
991 1436 1081 1495 virtu-

124 1540 189 1589 tum
209 1542 328 1588 tuarum
343 1549 441 1599 voces,
459 1550 533 1607 quas
554 1550 654 1607 neque
675 1531 772 1608 lugeri
793 1551 892 1608 neque
913 1532 1016 1611 plangi
1036 1533 1081 1592 fas

124 1637 189 1686 est:
210 1625 405 1685 admiratione
425 1638 457 1684 ts
474 1625 581 1704 potius,
596 1638 627 1684 et
643 1625 860 1685 immortalibus
876 1626 1025 1698 laudibus,
1040 1641 1080 1698 et,

125 1721 266 1782 sinatura
278 1721 459 1802 suppeditet,
468 1723 609 1787 aemulatu
621 1721 804 1781 decoremus.
839 1723 870 1781 Is
879 1743 967 1781 verus
977 1724 1080 1794 bonos,

124 1837 162 1877 ea
175 1817 407 1903 conjunctissimi
421 1818 467 1896 cuj
472 1838 565 1896 usque
573 1818 683 1897 pietas.
724 1817 759 1876 Id
772 1818 841 1878 filiae
852 1839 971 1897 quoque
981 1819 1080 1878 uxori·

125 1932 184 1990 que
195 1912 400 1991 praeceperim,
411 1913 455 1972 sic
465 1913 569 1992 patris,
580 1913 624 1972 sic
638 1913 736 1972 mariti
745 1915 922 1972 memoriam
932 1915 1079 1985 venerari,

123 2018 158 2064 ut
173 2007 272 2065 omnia
285 2007 363 2065 facta
376 2006 516 2084 dictaque
534 2009 599 2085 ejus
615 2027 718 2066 secum
731 2009 895 2078 revolvant,
908 2009 1080 2088 famamque

124 2120 160 2160 ae
175 2100 303 2178 figuram
325 2100 416 2159 animi
437 2101 533 2178 magis
554 2121 645 2178 quam
668 2102 801 2180 corporis
822 2105 1078 2181 complectantur:

122 2215 184 2255 non
195 2195 268 2273 quia
280 2194 527 2254 intercedendum
536 2209 640 2274 putem
653 2196 843 2275 imaginibus,
852 2218 919 2274 quae
931 2218 1079 2260 marmore

123 2303 176 2351 aut
191 2311 252 2363 aere
266 2291 434 2369 finguntur,
455 2290 509 2350 sed
523 2304 557 2350 ut
572 2292 671 2350 vultus
684 2291 845 2364 hominum,
859 2293 902 2351 ita
919 2293 1079 2355 simulacra

69 2386 72 2391 ’
122 2388 222 2448 vultus
241 2387 395 2447 imbecilla
411 2406 447 2446 ac
463 2387 601 2446 mortalia
616 2400 693 2458 sunt,
710 2386 807 2447 forma
822 2388 929 2447 mantis
945 2401 1076 2460 artema3

124 2503 214 2563 quam
230 2497 334 2544 tenere
352 2495 382 2542 et
398 2483 576 2563 exprimere,
590 2503 715 2563 nonper
731 2484 859 2543 alienam
875 2483 1031 2542 materiam
1046 2499 1079 2544 et

123 2591 226 2652 artem,
241 2580 295 2640 sed
310 2579 369 2639 tuis
385 2579 451 2660 ipse
467 2580 601 2639 moribus
617 2581 719 2660 possis.
760 2581 917 2659 Quidquid
933 2601 973 2640 ex
988 2582 1078 2660 Agri·

124 2678 189 2737 cola
216 2677 388 2748 amavimus,
410 2676 555 2755 quidquid
579 2677 677 2735 mirati
701 2697 814 2750 sumus,
837 2691 938 2736 manet
961 2698 1077 2736 mansu·

75 2812 78 2818 -
122 2794 250 2852 rumque
268 2775 358 2833 estin
374 2775 480 2834 animis
493 2775 657 2846 hominum,
671 2776 703 2834 in
718 2777 884 2836 aeternitate
901 2790 1076 2856 temporum,

122 2867 203 2927 fama
223 2888 334 2927 rerum.
382 2871 464 2928 Nam
484 2871 592 2929 multos
613 2883 758 2942 veterum,
780 2873 863 2930 velut
882 2872 1024 2950 inglorios
1046 2886 1078 2931 et

122 2961 280 3039 ignobiles,
294 2962 403 3021 oblivio
416 2964 540 3023 obruet=
560 2964 711 3041 Agricola,
721 2966 886 3045 posteritati
899 2980 1034 3026 narratus
1047 2980 1077 3027 et

122 3053 256 3127 traditus,
271 3068 422 3135 superstes
434 3056 502 3117 erit.
