2400 4290
125 255 166 314 52
412 270 439 310 c.
463 253 638 311 consultus
661 269 806 312 Triatrus.

125 401 262 482 petitum,
276 401 339 459 sive
354 421 393 458 ex
410 401 598 471 conscientia,
613 422 661 470 ne,
676 400 756 478 quod
770 411 913 468 vetuerat,
927 399 1081 459 videretur

124 499 239 557 emisse.
280 498 440 577 Proprium
455 499 577 556 humani
591 497 704 576 ingenii
720 510 773 567 est,
784 496 882 580 odisse
892 517 983 574 quem
997 497 1080 555 laese·

123 596 181 654 ris:
209 594 374 653 Domitiani
395 614 467 653 vero
483 607 589 652 natura
604 613 740 673 praeceps
757 593 788 650 in
803 593 889 662 iram,
903 605 941 661 et,
953 612 1013 669 quo
1027 594 1079 650 ob·

124 691 245 761 scurior,
262 711 300 750 eo
318 690 550 760 irrevocabilior,
567 689 774 749 moderatione
792 702 891 748 tamen
908 686 1080 766 prudentia-

125 808 184 865 que
206 787 358 866 Agricolae
379 788 570 857 leniebaturr
591 787 662 864 quia
684 806 745 844 non
769 784 957 843 contumacia
980 805 1080 862 nequo

124 884 205 942 inani
223 884 388 963 jactatione
409 884 565 954 libertatis,
582 884 695 942 famam
713 881 867 959 fatumque
890 880 1080 959 provocabat.

125 980 236 1050 Sciant,
251 981 360 1059 quibus
381 981 472 1039 moris
492 992 545 1051 est,
560 979 663 1040 illicite
682 977 794 1047 mir'ari,
811 997 899 1056 posse
917 976 1006 1034 etiam
1023 976 1107 1081 why
1135 1010 1139 1018 ·
1160 982 1190 1051 ,ζ

124 1076 212 1135 malis
233 1076 419 1156 principibus
440 1096 564 1154 magnos
584 1074 663 1134 viros
685 1094 767 1133 esse:
793 1073 1031 1151 obsequiumque
1046 1047 1198 1155 admsssssffi'

125 1171 312 1243 modestiam,
322 1173 347 1229 si
355 1172 500 1230 industria
510 1191 544 1230 ac
554 1171 639 1250 vigor
650 1169 757 1239 adsint,
766 1190 803 1228 eo
814 1169 911 1228 laudis
922 1169 1120 1241 excederem¹
1129 1202 1140 1229 ,ι
1152 1168 1157 1227 ’.

125 1287 186 1344 quo
198 1267 335 1345 plerique
350 1287 408 1346 per
421 1269 555 1346 abrupta,
568 1267 622 1325 sed
632 1267 663 1324 in
673 1267 790 1324 nullum
800 1265 972 1344 reipublioae
984 1285 1081 1336 usum,

126 1362 282 1422 ambitiosa
294 1375 388 1434 morte
402 1364 613 1421 inclaruerunt

146 1515 150 1520 .
165 1457 286 1517 XLIII.
307 1459 391 1518 Finis
408 1457 477 1517 vitae
496 1460 560 1537 ejus
579 1459 666 1517 nobis
683 1460 846 1529 luctuosus,
861 1457 965 1516 amicis
979 1457 1080 1527 tristis,

127 1554 277 1613 extraneis
298 1554 388 1613 etiam
406 1554 574 1633 ignotisque
595 1575 657 1613 non
679 1555 743 1613 sine
766 1575 838 1614 cura
858 1554 922 1613 fuit
963 1553 1081 1632 Vulgus

127 1670 255 1729 quoque,
271 1651 364 1710 ethic
380 1651 460 1710 aliud
476 1672 567 1730 agens
581 1653 719 1731 populus,
734 1665 765 1710 et
778 1651 961 1709 ventitavere
979 1649 1017 1708 ad
1028 1644 1081 1707 do-

127 1760 265 1818 memet
281 1746 414 1827 perfora
432 1760 463 1807 et
481 1749 607 1807 circulos
624 1747 716 1806 locuti
733 1760 821 1806 sunt:
845 1767 902 1805 nec
914 1745 1081 1824 quisquam,

64 1846 72 1853 ’
127 1845 230 1904 audita
242 1859 339 1904 morte
352 1846 514 1924 Agricolae,
530 1858 580 1905 aut
596 1848 713 1906 laetatus
732 1858 778 1904 est
796 1858 847 1904 ant
860 1845 960 1904 statim
975 1844 1082 1902 oblitus

128 1951 182 1998 est.
222 1941 367 2018 Augebat
380 1942 603 2000 miserationem
614 1954 751 1999 constans
765 1962 874 2010 rumor,
883 1961 987 1999 veneno
997 1942 1083 1999 istm·
1154 1958 1157 1963 ’

127 2044 248 2111 ceptum.
288 2035 319 2092 N
321 2035 387 2093 obis
401 2036 474 2093 nihil
494 2036 639 2114 comperti
653 2036 798 2094 affirmare
813 2037 925 2095 ausim:
948 2051 1083 2095 ceterum

127 2148 325 2208 peromnem
348 2129 550 2188 valetudinem
575 2131 649 2209 ejus,
671 2131 805 2195 crebrius
826 2151 915 2207 quam
936 2154 975 2191 ex
999 2153 1083 2191 more

127 2223 313 2303 principatus
332 2245 389 2303 per
407 2224 528 2283 nuntios
547 2225 678 2295 visentis,
697 2238 729 2284 et
747 2226 920 2284 libertorum
941 2229 1031 2306 primi
1053 2242 1085 2286 et

127 2320 311 2379 medicorum
329 2320 426 2378 intimi
445 2340 574 2393 venere;
595 2322 658 2381 sive
673 2342 745 2381 cura
757 2322 842 2391 illud,
857 2323 919 2380 sive
933 2323 1083 2400 inquisitio

129 2429 202 2476 erat
242 2417 393 2495 Supremo
407 2417 532 2496 quidem
546 2417 606 2489 die,
620 2430 769 2478 momenta
782 2417 945 2477 deficientis
957 2438 1012 2496 per
1026 2418 1084 2475 dis-

128 2496 242 2592 positos
255 2533 393 2573 cursores
403 2513 538 2574 nuntiata
548 2516 710 2585 constabat,
722 2516 804 2574 nullo
815 2515 967 2583 credente,
979 2514 1020 2572 sic
1033 2536 1083 2572 ac-

130 2609 256 2668 celerari
266 2630 332 2688 quae
343 2610 432 2671 tristis
444 2611 568 2670 audiret.
603 2612 745 2692 Speciem
755 2625 856 2672 tamen
866 2611 974 2670 doloris
985 2610 1084 2668 animo

129 2707 273 2784 vultuque
288 2727 352 2786 prae
366 2729 401 2768 se
415 2708 492 2778 tulit,
503 2729 626 2767 securus
635 2709 700 2788 jam
715 2708 785 2779 odii,
797 2708 888 2786 etqui
899 2706 1015 2766 facilius
1027 2706 1084 2763 dis·

130 2800 283 2860 simularet
300 2803 441 2880 gaudium
462 2824 554 2882 quam
571 2818 695 2864 metum.
735 2805 816 2864 Satis
830 2804 991 2872 constabat,
1005 2804 1084 2860 lecto

129 2906 307 2954 testamento
329 2899 489 2975 Agricolas,
512 2919 571 2974 quo
595 2899 774 2958 coheredem
799 2899 919 2979 optimae
942 2898 1031 2956 uxori
1056 2909 1085 2954 et

130 2987 269 3068 piissimas
280 2989 350 3047 filiae
360 2991 566 3050 Domitianum
577 2991 706 3070 scripsit,
717 2993 850 3051 laetatum
862 3013 931 3051 eum
942 2994 1024 3050 velut
1034 2993 1084 3050 ho·

130 3102 203 3142 nore
213 3083 405 3161 judicioque:
420 3098 481 3144 tam
493 3106 574 3145 caeca
585 3100 616 3147 et
626 3099 765 3165 corrupta
778 3107 862 3145 mens
876 3086 999 3146 assiduis
1013 3086 1084 3144 adu·

130 3178 289 3238 lationibus
304 3193 376 3251 erat,
389 3178 422 3239 u‘t
434 3180 563 3239 nesciret
584 3201 602 3241 a
622 3181 701 3240 bono
719 3194 805 3260 patre
824 3202 882 3240 non
896 3180 986 3239 scribi
999 3182 1085 3240 bere·

132 3262 202 3333 dem
215 3275 272 3333 nisi
286 3278 399 3335 malurn
412 3276 588 3356 principem.

87 3378 126 3441 T»
170 3371 289 3432 XLIV.
310 3372 407 3432 Natus
418 3385 483 3432 erat
492 3373 636 3452 Agricola
645 3373 723 3433 Caio
734 3374 855 3433 Caesare
866 3374 995 3454 primum
1008 3374 1086 3434 Con·

132 3469 198 3528 sule
216 3467 320 3528 Idibus
339 3469 459 3529 Juniis:
483 3470 612 3529 excessit
630 3483 716 3529 sexto
734 3482 765 3529 et
778 3470 1024 3549 quinquagesimo
1038 3491 1086 3529 an-

132 3584 184 3634 n0‚
195 3564 313 3625 decimo
327 3565 481 3626 Kalendas
495 3566 685 3645 Septembris
699 3566 827 3647 Collega
840 3567 1005 3645 Prisooque
1019 3587 1087 3625 con·

134 3660 258 3721 nulibus.
304 3661 424 3734 Quodsi
444 3662 580 3722 habitum
601 3683 719 3742 quoque
740 3663 805 3742 ejus
828 3664 941 3742 posteri
963 3682 1086 3723 noscere
