<?xml version="1.0" encoding="UTF-8"?>
<!DOCTYPE html PUBLIC "-//W3C//DTD XHTML 1.0 Transitional//EN"
    "http://www.w3.org/TR/xhtml1/DTD/xhtml1-transitional.dtd">
<html xmlns="http://www.w3.org/1999/xhtml" xml:lang="en" lang="en">
 <head>
  <title>
</title>
<meta http-equiv="Content-Type" content="text/html;charset=utf-8" />
  <meta name='ocr-system' content='tesseract 3.04.00' />
  <meta name='ocr-capabilities' content='ocr_page ocr_carea ocr_par ocr_line ocrx_word'/>
</head>
<body>
  <div class='ocr_page' id='page_1' title='image "./germaniaandagri00boetgoog_0069.png"; bbox 0 0 2400 4290; ppageno 0'>
   <div class='ocr_carea' id='block_1_1' title="bbox 114 258 886 319">
    <p class='ocr_par' dir='ltr' id='par_1_1' title="bbox 114 258 886 319">
     <span class='ocr_line' id='line_1_1' title="bbox 114 258 886 319; baseline -0.012 0"><span class='ocrx_word' id='word_1_1' title='bbox 114 258 154 319; x_wconf 83' lang='lat' dir='ltr'>lo</span> <span class='ocrx_word' id='word_1_2' title='bbox 393 271 432 314; x_wconf 86' lang='lat' dir='ltr'>o..</span> <span class='ocrx_word' id='word_1_3' title='bbox 444 269 619 314; x_wconf 79' lang='lat' dir='ltr'>coaranws</span> <span class='ocrx_word' id='word_1_4' title='bbox 640 268 779 312; x_wconf 73' lang='lat' dir='ltr'>ruamus</span> <span class='ocrx_word' id='word_1_5' title='bbox 880 269 886 275; x_wconf 91' lang='lat'><em>·</em></span> 
     </span>
    </p>
   </div>
   <div class='ocr_carea' id='block_1_2' title="bbox 4 399 1199 3742">
    <p class='ocr_par' dir='ltr' id='par_1_2' title="bbox 4 399 1199 3742">
     <span class='ocr_line' id='line_1_2' title="bbox 108 399 1065 480; baseline -0.008 -13"><span class='ocrx_word' id='word_1_6' title='bbox 108 427 171 467; x_wconf 88' lang='lat' dir='ltr'>nou</span> <span class='ocrx_word' id='word_1_7' title='bbox 177 404 320 475; x_wconf 85' lang='lat' dir='ltr'>fluitante,</span> <span class='ocrx_word' id='word_1_8' title='bbox 331 403 407 463; x_wconf 88' lang='lat' dir='ltr'>sicut</span> <span class='ocrx_word' id='word_1_9' title='bbox 416 404 559 463; x_wconf 80' lang='lat' dir='ltr'>Sarmates</span> <span class='ocrx_word' id='word_1_10' title='bbox 573 422 608 461; x_wconf 89' lang='lat' dir='ltr'>ac</span> <span class='ocrx_word' id='word_1_11' title='bbox 616 401 731 473; x_wconf 80' lang='lat' dir='ltr'>Parthi,</span> <span class='ocrx_word' id='word_1_12' title='bbox 743 399 798 461; x_wconf 90' lang='lat' dir='ltr'>sed</span> <span class='ocrx_word' id='word_1_13' title='bbox 807 400 911 460; x_wconf 85' lang='lat' dir='ltr'>stricta</span> <span class='ocrx_word' id='word_1_14' title='bbox 921 414 952 461; x_wconf 89' lang='lat' dir='ltr'>et</span> <span class='ocrx_word' id='word_1_15' title='bbox 965 401 1065 480; x_wconf 86' lang='lat' dir='ltr'>singu·</span> 
     </span>
     <span class='ocr_line' id='line_1_3' title="bbox 108 497 1175 587; baseline -0.007 -24"><span class='ocrx_word' id='word_1_16' title='bbox 108 504 154 563; x_wconf 87' lang='lat' dir='ltr'>los</span> <span class='ocrx_word' id='word_1_17' title='bbox 168 514 249 562; x_wconf 86' lang='lat' dir='ltr'>artus</span> <span class='ocrx_word' id='word_1_18' title='bbox 263 500 458 580; x_wconf 84' lang='lat' dir='ltr'>exprimente.</span> <span class='ocrx_word' id='word_1_19' title='bbox 500 499 620 558; x_wconf 87' lang='lat' dir='ltr'>Gerunt</span> <span class='ocrx_word' id='word_1_20' title='bbox 633 511 664 556; x_wconf 90' lang='lat' dir='ltr'>et</span> <span class='ocrx_word' id='word_1_21' title='bbox 675 497 810 556; x_wconf 86' lang='lat' dir='ltr'>ferarum</span> <span class='ocrx_word' id='word_1_22' title='bbox 819 498 923 576; x_wconf 87' lang='lat' dir='ltr'>pelles,</span> <span class='ocrx_word' id='word_1_23' title='bbox 934 498 1067 576; x_wconf 87' lang='lat' dir='ltr'>proximi</span> <span class='ocrx_word' id='word_1_24' title='bbox 1168 554 1175 587; x_wconf 26' lang='grc' dir='ltr'>,ἱ</span> 
     </span>
     <span class='ocr_line' id='line_1_4' title="bbox 108 592 1068 678; baseline -0.005 -21"><span class='ocrx_word' id='word_1_25' title='bbox 108 597 184 678; x_wconf 82' lang='lat' dir='ltr'>ripre</span> <span class='ocrx_word' id='word_1_26' title='bbox 200 596 395 676; x_wconf 81' lang='lat' dir='ltr'>negligenter,</span> <span class='ocrx_word' id='word_1_27' title='bbox 409 594 569 654; x_wconf 78' lang='lat' dir='ltr'>ulteriores</span> <span class='ocrx_word' id='word_1_28' title='bbox 586 592 771 671; x_wconf 80' lang='lat' dir='ltr'>exquisitius,</span> <span class='ocrx_word' id='word_1_29' title='bbox 788 605 823 652; x_wconf 88' lang='lat' dir='ltr'>ut</span> <span class='ocrx_word' id='word_1_30' title='bbox 839 593 948 670; x_wconf 90' lang='lat' dir='ltr'>quibus</span> <span class='ocrx_word' id='word_1_31' title='bbox 967 595 1068 652; x_wconf 86' lang='lat' dir='ltr'>nullus</span> 
     </span>
     <span class='ocr_line' id='line_1_5' title="bbox 108 688 1093 774; baseline -0.005 -22"><span class='ocrx_word' id='word_1_32' title='bbox 108 714 164 773; x_wconf 89' lang='lat' dir='ltr'>per</span> <span class='ocrx_word' id='word_1_33' title='bbox 174 691 354 752; x_wconf 78' lang='lat' dir='ltr'>commercia</span> <span class='ocrx_word' id='word_1_34' title='bbox 364 692 469 750; x_wconf 85' lang='lat' dir='ltr'>cultus.</span> <span class='ocrx_word' id='word_1_35' title='bbox 499 690 627 769; x_wconf 83' lang='lat' dir='ltr'>Eligant</span> <span class='ocrx_word' id='word_1_36' title='bbox 636 689 731 774; x_wconf 66' lang='lat' dir='ltr'>feras,</span> <span class='ocrx_word' id='word_1_37' title='bbox 737 688 912 749; x_wconf 89' lang='lat' dir='ltr'>etdetracta</span> <span class='ocrx_word' id='word_1_38' title='bbox 920 689 1093 749; x_wconf 79' lang='lat' dir='ltr'>velamina·</span> 
     </span>
     <span class='ocr_line' id='line_1_6' title="bbox 108 752 1123 869; baseline -0.003 -21"><span class='ocrx_word' id='word_1_39' title='bbox 108 800 253 869; x_wconf 83' lang='lat' dir='ltr'>spargunt</span> <span class='ocrx_word' id='word_1_40' title='bbox 271 752 407 859; x_wconf 79' lang='lat' dir='ltr'>maciilis,</span> <span class='ocrx_word' id='word_1_41' title='bbox 427 787 618 867; x_wconf 76' lang='lat' dir='ltr'>pellibusque</span> <span class='ocrx_word' id='word_1_42' title='bbox 637 765 816 867; x_wconf 59' lang='lat' dir='ltr'>bolborum,</span> <span class='ocrx_word' id='word_1_43' title='bbox 840 806 913 865; x_wconf 87' lang='lat' dir='ltr'>quas</span> <span class='ocrx_word' id='word_1_44' title='bbox 936 786 1067 846; x_wconf 85' lang='lat' dir='ltr'>exterior</span> <span class='ocrx_word' id='word_1_45' title='bbox 1116 786 1123 817; x_wconf 87' lang='grc'>’·</span> 
     </span>
     <span class='ocr_line' id='line_1_7' title="bbox 108 882 1065 962; baseline -0.004 -17"><span class='ocrx_word' id='word_1_46' title='bbox 108 884 248 945; x_wconf 79' lang='lat' dir='ltr'>Oceanus</span> <span class='ocrx_word' id='word_1_47' title='bbox 264 896 352 961; x_wconf 87' lang='lat' dir='ltr'>atque</span> <span class='ocrx_word' id='word_1_48' title='bbox 369 883 506 962; x_wconf 77' lang='lat' dir='ltr'>ignotum</span> <span class='ocrx_word' id='word_1_49' title='bbox 521 901 605 942; x_wconf 87' lang='lat' dir='ltr'>mare</span> <span class='ocrx_word' id='word_1_50' title='bbox 627 882 733 961; x_wconf 76' lang='lat' dir='ltr'>gignit</span> <span class='ocrx_word' id='word_1_51' title='bbox 775 882 844 942; x_wconf 85' lang='lat' dir='ltr'>Nec</span> <span class='ocrx_word' id='word_1_52' title='bbox 862 882 937 941; x_wconf 87' lang='lat' dir='ltr'>alius</span> <span class='ocrx_word' id='word_1_53' title='bbox 949 882 1065 941; x_wconf 86' lang='lat' dir='ltr'>feminis</span> 
     </span>
     <span class='ocr_line' id='line_1_8' title="bbox 80 966 1065 1062; baseline -0.007 -20"><span class='ocrx_word' id='word_1_54' title='bbox 80 966 94 979; x_wconf 50' lang='grc'><em>’</em></span> <span class='ocrx_word' id='word_1_55' title='bbox 108 1001 199 1060; x_wconf 87' lang='lat' dir='ltr'>quam</span> <span class='ocrx_word' id='word_1_56' title='bbox 211 979 283 1041; x_wconf 84' lang='lat' dir='ltr'>viris</span> <span class='ocrx_word' id='word_1_57' title='bbox 295 978 422 1062; x_wconf 85' lang='lat' dir='ltr'>habitus,</span> <span class='ocrx_word' id='word_1_58' title='bbox 434 978 491 1038; x_wconf 92' lang='lat' dir='ltr'>nisi</span> <span class='ocrx_word' id='word_1_59' title='bbox 504 977 584 1057; x_wconf 93' lang='lat' dir='ltr'>quod</span> <span class='ocrx_word' id='word_1_60' title='bbox 595 977 715 1037; x_wconf 81' lang='lat' dir='ltr'>feminae</span> <span class='ocrx_word' id='word_1_61' title='bbox 729 977 842 1056; x_wconf 81' lang='lat' dir='ltr'>asapius</span> <span class='ocrx_word' id='word_1_62' title='bbox 852 977 940 1036; x_wconf 91' lang='lat' dir='ltr'>lineis</span> <span class='ocrx_word' id='word_1_63' title='bbox 955 978 1065 1036; x_wconf 86' lang='lat' dir='ltr'>amicti·</span> 
     </span>
     <span class='ocr_line' id='line_1_9' title="bbox 108 1073 1065 1154; baseline -0.006 -18"><span class='ocrx_word' id='word_1_64' title='bbox 108 1077 164 1137; x_wconf 89' lang='lat' dir='ltr'>bus</span> <span class='ocrx_word' id='word_1_65' title='bbox 177 1078 323 1147; x_wconf 84' lang='lat' dir='ltr'>velantur,</span> <span class='ocrx_word' id='word_1_66' title='bbox 335 1095 387 1134; x_wconf 89' lang='lat' dir='ltr'>eos</span> <span class='ocrx_word' id='word_1_67' title='bbox 408 1095 446 1133; x_wconf 90' lang='lat' dir='ltr'>ue</span> <span class='ocrx_word' id='word_1_68' title='bbox 460 1094 595 1154; x_wconf 89' lang='lat' dir='ltr'>purpura</span> <span class='ocrx_word' id='word_1_69' title='bbox 610 1073 736 1143; x_wconf 84' lang='lat' dir='ltr'>variant,</span> <span class='ocrx_word' id='word_1_70' title='bbox 749 1085 927 1152; x_wconf 86' lang='lat' dir='ltr'>partemque</span> <span class='ocrx_word' id='word_1_71' title='bbox 940 1073 1065 1131; x_wconf 84' lang='lat' dir='ltr'>vestitus</span> 
     </span>
     <span class='ocr_line' id='line_1_10' title="bbox 107 1097 1066 1252; baseline -0.005 -20"><span class='ocrx_word' id='word_1_72' title='bbox 107 1172 271 1252; x_wconf 85' lang='lat' dir='ltr'>superioris</span> <span class='ocrx_word' id='word_1_73' title='bbox 292 1172 324 1229; x_wconf 91' lang='lat' dir='ltr'>in</span> <span class='ocrx_word' id='word_1_74' title='bbox 344 1097 476 1231; x_wconf 65' lang='lat' dir='ltr'>madico</span> <span class='ocrx_word' id='word_1_75' title='bbox 493 1188 554 1228; x_wconf 90' lang='lat' dir='ltr'>non</span> <span class='ocrx_word' id='word_1_76' title='bbox 573 1167 753 1240; x_wconf 80' lang='lat' dir='ltr'>extendunt3</span> <span class='ocrx_word' id='word_1_77' title='bbox 776 1168 866 1228; x_wconf 84' lang='lat' dir='ltr'>nudae</span> <span class='ocrx_word' id='word_1_78' title='bbox 887 1169 1010 1228; x_wconf 86' lang='lat' dir='ltr'>brachia</span> <span class='ocrx_word' id='word_1_79' title='bbox 1032 1189 1066 1228; x_wconf 87' lang='lat' dir='ltr'>ao</span> 
     </span>
     <span class='ocr_line' id='line_1_11' title="bbox 83 1253 676 1327; baseline -0.003 0"><span class='ocrx_word' id='word_1_80' title='bbox 83 1270 246 1327; x_wconf 79' lang='lat' dir='ltr'>&#39;lacertos</span> <span class='ocrx_word' id='word_1_81' title='bbox 673 1253 676 1263; x_wconf 54' lang='lat'><strong>¹</strong></span> 
     </span>
     <span class='ocr_line' id='line_1_12' title="bbox 145 1360 1066 1445; baseline -0.002 -24"><span class='ocrx_word' id='word_1_82' title='bbox 145 1363 269 1445; x_wconf 79' lang='lat' dir='ltr'><strong>XVIII.</strong></span> <span class='ocrx_word' id='word_1_83' title='bbox 291 1361 353 1421; x_wconf 87' lang='lat' dir='ltr'>Sed</span> <span class='ocrx_word' id='word_1_84' title='bbox 364 1373 395 1420; x_wconf 90' lang='lat' dir='ltr'>et</span> <span class='ocrx_word' id='word_1_85' title='bbox 407 1360 544 1440; x_wconf 84' lang='lat' dir='ltr'>proxima</span> <span class='ocrx_word' id='word_1_86' title='bbox 553 1381 622 1440; x_wconf 89' lang='lat' dir='ltr'>pars</span> <span class='ocrx_word' id='word_1_87' title='bbox 633 1361 760 1440; x_wconf 89' lang='lat' dir='ltr'>pectoris</span> <span class='ocrx_word' id='word_1_88' title='bbox 768 1373 866 1440; x_wconf 82' lang='lat' dir='ltr'>patet:</span> <span class='ocrx_word' id='word_1_89' title='bbox 884 1381 1066 1440; x_wconf 86' lang='lat' dir='ltr'>quamquam</span> 
     </span>
     <span class='ocr_line' id='line_1_13' title="bbox 4 1457 1065 1537; baseline -0.003 -18"><span class='ocrx_word' id='word_1_90' title='bbox 4 1464 8 1485; x_wconf 84' lang='lat'><em>&#39;</em></span> <span class='ocrx_word' id='word_1_91' title='bbox 108 1478 212 1519; x_wconf 79' lang='lat' dir='ltr'>serere</span> <span class='ocrx_word' id='word_1_92' title='bbox 224 1458 288 1518; x_wconf 90' lang='lat' dir='ltr'>illic</span> <span class='ocrx_word' id='word_1_93' title='bbox 301 1457 506 1529; x_wconf 83' lang='lat' dir='ltr'>matrimonia3</span> <span class='ocrx_word' id='word_1_94' title='bbox 528 1477 585 1516; x_wconf 91' lang='lat' dir='ltr'>nec</span> <span class='ocrx_word' id='word_1_95' title='bbox 600 1459 691 1515; x_wconf 85' lang='lat' dir='ltr'>ullam</span> <span class='ocrx_word' id='word_1_96' title='bbox 709 1478 826 1516; x_wconf 90' lang='lat' dir='ltr'>morum</span> <span class='ocrx_word' id='word_1_97' title='bbox 839 1471 956 1537; x_wconf 83' lang='lat' dir='ltr'>partem</span> <span class='ocrx_word' id='word_1_98' title='bbox 970 1459 1065 1536; x_wconf 86' lang='lat' dir='ltr'>magis</span> 
     </span>
     <span class='ocr_line' id='line_1_14' title="bbox 107 1553 1065 1633; baseline -0.005 -18"><span class='ocrx_word' id='word_1_99' title='bbox 107 1555 294 1616; x_wconf 69' lang='lat' dir='ltr'>laudaveris:</span> <span class='ocrx_word' id='word_1_100' title='bbox 312 1575 384 1613; x_wconf 81' lang='lat' dir='ltr'>nem</span> <span class='ocrx_word' id='word_1_101' title='bbox 398 1574 495 1633; x_wconf 87' lang='lat' dir='ltr'>prope</span> <span class='ocrx_word' id='word_1_102' title='bbox 508 1553 564 1612; x_wconf 88' lang='lat' dir='ltr'>soli</span> <span class='ocrx_word' id='word_1_103' title='bbox 575 1554 769 1612; x_wconf 86' lang='lat' dir='ltr'>barbarorum</span> <span class='ocrx_word' id='word_1_104' title='bbox 782 1553 908 1632; x_wconf 85' lang='lat' dir='ltr'>singulis</span> <span class='ocrx_word' id='word_1_105' title='bbox 921 1553 1065 1611; x_wconf 86' lang='lat' dir='ltr'>uxoribus</span> 
     </span>
     <span class='ocr_line' id='line_1_15' title="bbox 108 1648 1065 1729; baseline -0.007 -17"><span class='ocrx_word' id='word_1_106' title='bbox 108 1651 238 1713; x_wconf 78' lang='lat' dir='ltr'>contenti</span> <span class='ocrx_word' id='word_1_107' title='bbox 251 1662 327 1721; x_wconf 89' lang='lat' dir='ltr'>sunt,</span> <span class='ocrx_word' id='word_1_108' title='bbox 339 1649 472 1729; x_wconf 89' lang='lat' dir='ltr'>exceptis</span> <span class='ocrx_word' id='word_1_109' title='bbox 487 1649 648 1708; x_wconf 86' lang='lat' dir='ltr'>admodum</span> <span class='ocrx_word' id='word_1_110' title='bbox 661 1649 776 1729; x_wconf 81' lang='lat' dir='ltr'>paucis,</span> <span class='ocrx_word' id='word_1_111' title='bbox 789 1648 841 1728; x_wconf 93' lang='lat' dir='ltr'>qui</span> <span class='ocrx_word' id='word_1_112' title='bbox 854 1669 915 1708; x_wconf 88' lang='lat' dir='ltr'>non</span> <span class='ocrx_word' id='word_1_113' title='bbox 928 1648 1065 1719; x_wconf 83' lang='lat' dir='ltr'>libidine,</span> 
     </span>
     <span class='ocr_line' id='line_1_16' title="bbox 107 1716 1065 1827; baseline -0.004 -20"><span class='ocrx_word' id='word_1_114' title='bbox 107 1746 162 1807; x_wconf 88' lang='lat' dir='ltr'>sed</span> <span class='ocrx_word' id='word_1_115' title='bbox 178 1749 218 1808; x_wconf 93' lang='lat' dir='ltr'>ob</span> <span class='ocrx_word' id='word_1_116' title='bbox 233 1747 429 1817; x_wconf 84' lang='lat' dir='ltr'>nobilitatem,</span> <span class='ocrx_word' id='word_1_117' title='bbox 443 1745 579 1824; x_wconf 72' lang='lat' dir='ltr'>plurimis</span> <span class='ocrx_word' id='word_1_118' title='bbox 599 1716 910 1827; x_wconf 60' lang='lat' dir='ltr'>nuptiisprnbidbtur.</span> <span class='ocrx_word' id='word_1_119' title='bbox 952 1745 1065 1803; x_wconf 92' lang='lat' dir='ltr'>Dotem</span> 
     </span>
     <span class='ocr_line' id='line_1_17' title="bbox 8 1839 1100 1947; baseline -0.005 -42"><span class='ocrx_word' id='word_1_120' title='bbox 8 1863 168 1947; x_wconf 45' lang='lat' dir='ltr'>&#39;qs-&amp;31⁰³</span> <span class='ocrx_word' id='word_1_121' title='bbox 188 1863 266 1903; x_wconf 85' lang='lat' dir='ltr'>uxor</span> <span class='ocrx_word' id='word_1_122' title='bbox 289 1843 407 1914; x_wconf 89' lang='lat' dir='ltr'>marito,</span> <span class='ocrx_word' id='word_1_123' title='bbox 428 1842 483 1902; x_wconf 90' lang='lat' dir='ltr'>sed</span> <span class='ocrx_word' id='word_1_124' title='bbox 505 1842 591 1901; x_wconf 87' lang='lat' dir='ltr'>uxori</span> <span class='ocrx_word' id='word_1_125' title='bbox 607 1839 747 1914; x_wconf 68' lang='lat' dir='ltr'>&#39;meritus</span> <span class='ocrx_word' id='word_1_126' title='bbox 769 1842 862 1901; x_wconf 84' lang='lat' dir='ltr'>offert.</span> <span class='ocrx_word' id='word_1_127' title='bbox 912 1842 1067 1900; x_wconf 88' lang='lat' dir='ltr'>Intersunt</span> <span class='ocrx_word' id='word_1_128' title='bbox 1098 1871 1100 1875; x_wconf 49' lang='lat'><strong><em>¹</em></strong></span> 
     </span>
     <span class='ocr_line' id='line_1_18' title="bbox 4 1938 1066 2025; baseline -0.002 -26"><span class='ocrx_word' id='word_1_129' title='bbox 4 1948 23 2025; x_wconf 49' lang='grc' dir='ltr'>ᾗ</span> <span class='ocrx_word' id='word_1_130' title='bbox 107 1953 248 2021; x_wconf 83' lang='lat' dir='ltr'>parentes</span> <span class='ocrx_word' id='word_1_131' title='bbox 266 1953 297 1999; x_wconf 87' lang='lat' dir='ltr'>et</span> <span class='ocrx_word' id='word_1_132' title='bbox 316 1938 486 2019; x_wconf 90' lang='lat' dir='ltr'>propinqui,</span> <span class='ocrx_word' id='word_1_133' title='bbox 504 1959 541 1998; x_wconf 87' lang='lat' dir='ltr'>ac</span> <span class='ocrx_word' id='word_1_134' title='bbox 560 1959 686 1998; x_wconf 87' lang='lat' dir='ltr'>munera</span> <span class='ocrx_word' id='word_1_135' title='bbox 705 1939 844 2019; x_wconf 88' lang='lat' dir='ltr'>probant,</span> <span class='ocrx_word' id='word_1_136' title='bbox 860 1959 985 1998; x_wconf 87' lang='lat' dir='ltr'>munera</span> <span class='ocrx_word' id='word_1_137' title='bbox 1005 1959 1066 1997; x_wconf 91' lang='lat' dir='ltr'>non</span> 
     </span>
     <span class='ocr_line' id='line_1_19' title="bbox 107 2032 1066 2113; baseline -0.004 -16.385"><span class='ocrx_word' id='word_1_138' title='bbox 107 2033 147 2095; x_wconf 89' lang='lat' dir='ltr'>ad</span> <span class='ocrx_word' id='word_1_139' title='bbox 167 2034 292 2093; x_wconf 85' lang='lat' dir='ltr'>delicias</span> <span class='ocrx_word' id='word_1_140' title='bbox 316 2033 477 2092; x_wconf 82' lang='lat' dir='ltr'>muliebres</span> <span class='ocrx_word' id='word_1_141' title='bbox 501 2035 634 2113; x_wconf 84' lang='lat' dir='ltr'>quaesita,</span> <span class='ocrx_word' id='word_1_142' title='bbox 656 2054 714 2093; x_wconf 85' lang='lat' dir='ltr'>neo</span> <span class='ocrx_word' id='word_1_143' title='bbox 735 2034 842 2112; x_wconf 91' lang='lat' dir='ltr'>quibus</span> <span class='ocrx_word' id='word_1_144' title='bbox 868 2054 946 2092; x_wconf 87' lang='lat' dir='ltr'>nova</span> <span class='ocrx_word' id='word_1_145' title='bbox 959 2032 1066 2112; x_wconf 79' lang='lat' dir='ltr'>&#39;nupta</span> 
     </span>
     <span class='ocr_line' id='line_1_20' title="bbox 4 2102 1065 2208; baseline -0.002 -19"><span class='ocrx_word' id='word_1_146' title='bbox 4 2108 15 2127; x_wconf 39' lang='lat' dir='ltr'>i</span> <span class='ocrx_word' id='word_1_147' title='bbox 107 2102 260 2201; x_wconf 59' lang='lat' dir='ltr'>cordatum</span> <span class='ocrx_word' id='word_1_148' title='bbox 281 2127 337 2187; x_wconf 86' lang='lat' dir='ltr'>sed</span> <span class='ocrx_word' id='word_1_149' title='bbox 352 2118 442 2187; x_wconf 81' lang='lat' dir='ltr'>bores</span> <span class='ocrx_word' id='word_1_150' title='bbox 461 2140 492 2188; x_wconf 91' lang='lat' dir='ltr'>et</span> <span class='ocrx_word' id='word_1_151' title='bbox 507 2114 656 2188; x_wconf 83' lang='lat' dir='ltr'>frenatum</span> <span class='ocrx_word' id='word_1_152' title='bbox 677 2143 841 2208; x_wconf 84' lang='lat' dir='ltr'>equumet</span> <span class='ocrx_word' id='word_1_153' title='bbox 862 2143 978 2189; x_wconf 91' lang='lat' dir='ltr'>scutum</span> <span class='ocrx_word' id='word_1_154' title='bbox 995 2151 1065 2188; x_wconf 88' lang='lat' dir='ltr'>cum</span> 
     </span>
     <span class='ocr_line' id='line_1_21' title="bbox 106 2223 1199 2321; baseline -0.001 -36"><span class='ocrx_word' id='word_1_155' title='bbox 106 2225 223 2285; x_wconf 79' lang='lat' dir='ltr'>framea</span> <span class='ocrx_word' id='word_1_156' title='bbox 230 2223 418 2303; x_wconf 80' lang='lat' dir='ltr'>gladioque&#39;</span> <span class='ocrx_word' id='word_1_157' title='bbox 435 2224 472 2283; x_wconf 90' lang='lat' dir='ltr'>In</span> <span class='ocrx_word' id='word_1_158' title='bbox 480 2224 545 2283; x_wconf 82' lang='lat' dir='ltr'>haec</span> <span class='ocrx_word' id='word_1_159' title='bbox 553 2245 679 2287; x_wconf 89' lang='lat' dir='ltr'>munera</span> <span class='ocrx_word' id='word_1_160' title='bbox 687 2246 766 2285; x_wconf 85' lang='lat' dir='ltr'>uxor</span> <span class='ocrx_word' id='word_1_161' title='bbox 775 2223 959 2321; x_wconf 61' lang='lat' dir='ltr'>accipiturffl</span> <span class='ocrx_word' id='word_1_162' title='bbox 976 2239 1064 2303; x_wconf 87' lang='lat' dir='ltr'>atque</span> <span class='ocrx_word' id='word_1_163' title='bbox 1194 2296 1199 2307; x_wconf 30' lang='grc' dir='ltr'>ι</span> 
     </span>
     <span class='ocr_line' id='line_1_22' title="bbox 28 2320 1169 2404; baseline 0 -24"><span class='ocrx_word' id='word_1_164' title='bbox 28 2398 32 2404; x_wconf 18' lang='lat'><strong><em>⁴</em></strong></span> <span class='ocrx_word' id='word_1_165' title='bbox 107 2320 235 2380; x_wconf 82' lang='lat' dir='ltr'>invicem</span> <span class='ocrx_word' id='word_1_166' title='bbox 249 2320 314 2400; x_wconf 90' lang='lat' dir='ltr'>ipsa</span> <span class='ocrx_word' id='word_1_167' title='bbox 324 2340 474 2379; x_wconf 87' lang='lat' dir='ltr'>armorum</span> <span class='ocrx_word' id='word_1_168' title='bbox 485 2321 597 2399; x_wconf 92' lang='lat' dir='ltr'>aliquid</span> <span class='ocrx_word' id='word_1_169' title='bbox 607 2321 671 2380; x_wconf 85' lang='lat' dir='ltr'>viro</span> <span class='ocrx_word' id='word_1_170' title='bbox 685 2322 778 2381; x_wconf 84' lang='lat' dir='ltr'>affert.</span> <span class='ocrx_word' id='word_1_171' title='bbox 816 2323 887 2381; x_wconf 90' lang='lat' dir='ltr'>Hoc</span> <span class='ocrx_word' id='word_1_172' title='bbox 900 2322 1064 2380; x_wconf 87' lang='lat' dir='ltr'>maximum</span> <span class='ocrx_word' id='word_1_173' title='bbox 1166 2392 1169 2397; x_wconf 21' lang='lat'>¹</span> 
     </span>
     <span class='ocr_line' id='line_1_23' title="bbox 4 2236 1170 2511; baseline -0.002 -34"><span class='ocrx_word' id='word_1_174' title='bbox 4 2236 91 2511; x_wconf 37' lang='lat' dir='ltr'>§Y</span> <span class='ocrx_word' id='word_1_175' title='bbox 106 2416 268 2487; x_wconf 83' lang='lat' dir='ltr'>vinculum,</span> <span class='ocrx_word' id='word_1_176' title='bbox 279 2417 345 2476; x_wconf 85' lang='lat' dir='ltr'>haec</span> <span class='ocrx_word' id='word_1_177' title='bbox 360 2389 466 2475; x_wconf 50' lang='lat' dir='ltr'>arrffia</span> <span class='ocrx_word' id='word_1_178' title='bbox 479 2437 571 2488; x_wconf 87' lang='lat' dir='ltr'>sacra,</span> <span class='ocrx_word' id='word_1_179' title='bbox 581 2419 637 2479; x_wconf 92' lang='lat' dir='ltr'>hos</span> <span class='ocrx_word' id='word_1_180' title='bbox 652 2419 825 2498; x_wconf 86' lang='lat' dir='ltr'>conjugales</span> <span class='ocrx_word' id='word_1_181' title='bbox 836 2419 907 2478; x_wconf 87' lang='lat' dir='ltr'>deos</span> <span class='ocrx_word' id='word_1_182' title='bbox 921 2419 1064 2478; x_wconf 85' lang='lat' dir='ltr'>arbitran-</span> <span class='ocrx_word' id='word_1_183' title='bbox 1156 2470 1170 2497; x_wconf 67' lang='lat'>·,</span> 
     </span>
     <span class='ocr_line' id='line_1_24' title="bbox 106 2510 1139 2595; baseline 0.002 -23"><span class='ocrx_word' id='word_1_184' title='bbox 106 2523 165 2573; x_wconf 89' lang='lat' dir='ltr'>tur.</span> <span class='ocrx_word' id='word_1_185' title='bbox 205 2510 257 2572; x_wconf 91' lang='lat' dir='ltr'>Ne</span> <span class='ocrx_word' id='word_1_186' title='bbox 274 2532 307 2572; x_wconf 89' lang='lat' dir='ltr'>se</span> <span class='ocrx_word' id='word_1_187' title='bbox 324 2513 434 2573; x_wconf 91' lang='lat' dir='ltr'>mulier</span> <span class='ocrx_word' id='word_1_188' title='bbox 449 2526 536 2572; x_wconf 84' lang='lat' dir='ltr'>extra</span> <span class='ocrx_word' id='word_1_189' title='bbox 550 2514 693 2573; x_wconf 87' lang='lat' dir='ltr'>virtutum</span> <span class='ocrx_word' id='word_1_190' title='bbox 707 2514 903 2593; x_wconf 86' lang='lat' dir='ltr'>cogitationes</span> <span class='ocrx_word' id='word_1_191' title='bbox 918 2528 1064 2595; x_wconf 75' lang='lat' dir='ltr'>extisque</span> <span class='ocrx_word' id='word_1_192' title='bbox 1090 2522 1139 2591; x_wconf 60' lang='lat'>·&#39;,&#39;</span> 
     </span>
     <span class='ocr_line' id='line_1_25' title="bbox 106 2592 1145 2690; baseline -0.001 -22"><span class='ocrx_word' id='word_1_193' title='bbox 106 2608 256 2669; x_wconf 88' lang='lat' dir='ltr'>bellorum</span> <span class='ocrx_word' id='word_1_194' title='bbox 270 2629 356 2669; x_wconf 85' lang='lat' dir='ltr'>ossus</span> <span class='ocrx_word' id='word_1_195' title='bbox 364 2623 459 2689; x_wconf 88' lang='lat' dir='ltr'>putet,</span> <span class='ocrx_word' id='word_1_196' title='bbox 469 2610 542 2690; x_wconf 90' lang='lat' dir='ltr'>ipsis</span> <span class='ocrx_word' id='word_1_197' title='bbox 553 2610 719 2690; x_wconf 88' lang='lat' dir='ltr'>incipientis</span> <span class='ocrx_word' id='word_1_198' title='bbox 733 2611 912 2670; x_wconf 85' lang='lat' dir='ltr'>matrimonii</span> <span class='ocrx_word' id='word_1_199' title='bbox 922 2610 1064 2689; x_wconf 84' lang='lat' dir='ltr'>auspiciis</span> <span class='ocrx_word' id='word_1_200' title='bbox 1096 2592 1145 2641; x_wconf 66' lang='lat'>·&#39;·⁸</span> 
     </span>
     <span class='ocr_line' id='line_1_26' title="bbox 108 2704 1064 2786; baseline 0 -23"><span class='ocrx_word' id='word_1_201' title='bbox 108 2704 295 2775; x_wconf 74' lang='lat' dir='ltr'>admonetur,</span> <span class='ocrx_word' id='word_1_202' title='bbox 315 2706 419 2766; x_wconf 80' lang='lat' dir='ltr'>venire</span> <span class='ocrx_word' id='word_1_203' title='bbox 444 2727 476 2766; x_wconf 90' lang='lat' dir='ltr'>se</span> <span class='ocrx_word' id='word_1_204' title='bbox 496 2707 634 2766; x_wconf 88' lang='lat' dir='ltr'>laborum</span> <span class='ocrx_word' id='word_1_205' title='bbox 656 2707 918 2786; x_wconf 89' lang='lat' dir='ltr'>periculorumque</span> <span class='ocrx_word' id='word_1_206' title='bbox 942 2706 1064 2776; x_wconf 86' lang='lat' dir='ltr'>sociam,</span> 
     </span>
     <span class='ocr_line' id='line_1_27' title="bbox 106 2799 1064 2882; baseline 0.004 -24"><span class='ocrx_word' id='word_1_207' title='bbox 106 2799 190 2859; x_wconf 89' lang='lat' dir='ltr'>idem</span> <span class='ocrx_word' id='word_1_208' title='bbox 200 2800 231 2858; x_wconf 90' lang='lat' dir='ltr'>in</span> <span class='ocrx_word' id='word_1_209' title='bbox 239 2821 324 2879; x_wconf 88' lang='lat' dir='ltr'>pace,</span> <span class='ocrx_word' id='word_1_210' title='bbox 334 2801 455 2860; x_wconf 88' lang='lat' dir='ltr'>idemin</span> <span class='ocrx_word' id='word_1_211' title='bbox 462 2802 570 2882; x_wconf 80' lang='lat' dir='ltr'>proelio</span> <span class='ocrx_word' id='word_1_212' title='bbox 578 2824 734 2882; x_wconf 86' lang='lat' dir='ltr'>passuram</span> <span class='ocrx_word' id='word_1_213' title='bbox 744 2823 952 2881; x_wconf 87' lang='lat' dir='ltr'>ausuramque.</span> <span class='ocrx_word' id='word_1_214' title='bbox 993 2803 1064 2862; x_wconf 91' lang='lat' dir='ltr'>Hoc</span> 
     </span>
     <span class='ocr_line' id='line_1_28' title="bbox 102 2893 1064 2975; baseline 0.007 -24"><span class='ocrx_word' id='word_1_215' title='bbox 102 2893 204 2975; x_wconf 85' lang='lat' dir='ltr'>juncti</span> <span class='ocrx_word' id='word_1_216' title='bbox 211 2894 313 2965; x_wconf 87' lang='lat' dir='ltr'>boves,</span> <span class='ocrx_word' id='word_1_217' title='bbox 323 2894 381 2953; x_wconf 87' lang='lat' dir='ltr'>hoc</span> <span class='ocrx_word' id='word_1_218' title='bbox 393 2909 515 2975; x_wconf 86' lang='lat' dir='ltr'>paratus</span> <span class='ocrx_word' id='word_1_219' title='bbox 525 2908 631 2974; x_wconf 77' lang='lat' dir='ltr'>equus,</span> <span class='ocrx_word' id='word_1_220' title='bbox 639 2899 697 2956; x_wconf 85' lang='lat' dir='ltr'>hoc</span> <span class='ocrx_word' id='word_1_221' title='bbox 707 2897 776 2956; x_wconf 86' lang='lat' dir='ltr'>date</span> <span class='ocrx_word' id='word_1_222' title='bbox 789 2917 871 2955; x_wconf 88' lang='lat' dir='ltr'>arma</span> <span class='ocrx_word' id='word_1_223' title='bbox 882 2897 1064 2958; x_wconf 87' lang='lat' dir='ltr'>denuntiant.</span> 
     </span>
     <span class='ocr_line' id='line_1_29' title="bbox 107 2987 1063 3069; baseline 0.005 -22"><span class='ocrx_word' id='word_1_224' title='bbox 107 2987 160 3047; x_wconf 84' lang='lat' dir='ltr'>Sic</span> <span class='ocrx_word' id='word_1_225' title='bbox 175 2987 346 3058; x_wconf 80' lang='lat' dir='ltr'>vivendum,</span> <span class='ocrx_word' id='word_1_226' title='bbox 360 2989 404 3047; x_wconf 89' lang='lat' dir='ltr'>sic</span> <span class='ocrx_word' id='word_1_227' title='bbox 420 2989 626 3067; x_wconf 83' lang='lat' dir='ltr'>pereundum:</span> <span class='ocrx_word' id='word_1_228' title='bbox 648 2992 788 3069; x_wconf 85' lang='lat' dir='ltr'>accipere</span> <span class='ocrx_word' id='word_1_229' title='bbox 812 3012 856 3060; x_wconf 90' lang='lat' dir='ltr'>se,</span> <span class='ocrx_word' id='word_1_230' title='bbox 873 3011 939 3069; x_wconf 81' lang='lat' dir='ltr'>quoe</span> <span class='ocrx_word' id='word_1_231' title='bbox 961 2993 1063 3052; x_wconf 88' lang='lat' dir='ltr'>liberis</span> 
     </span>
     <span class='ocr_line' id='line_1_30' title="bbox 64 3081 1062 3165; baseline 0.005 -24"><span class='ocrx_word' id='word_1_232' title='bbox 64 3092 70 3103; x_wconf 87' lang='grc'><em>“</em></span> <span class='ocrx_word' id='word_1_233' title='bbox 106 3081 248 3142; x_wconf 83' lang='lat' dir='ltr'>inviolata</span> <span class='ocrx_word' id='word_1_234' title='bbox 261 3102 297 3141; x_wconf 89' lang='lat' dir='ltr'>ac</span> <span class='ocrx_word' id='word_1_235' title='bbox 311 3082 402 3160; x_wconf 83' lang='lat' dir='ltr'>digna</span> <span class='ocrx_word' id='word_1_236' title='bbox 414 3083 530 3153; x_wconf 87' lang='lat' dir='ltr'>reddat,</span> <span class='ocrx_word' id='word_1_237' title='bbox 544 3105 610 3162; x_wconf 76' lang='lat' dir='ltr'>quas</span> <span class='ocrx_word' id='word_1_238' title='bbox 626 3105 719 3144; x_wconf 88' lang='lat' dir='ltr'>nurus</span> <span class='ocrx_word' id='word_1_239' title='bbox 733 3085 888 3165; x_wconf 85' lang='lat' dir='ltr'>accipiant,</span> <span class='ocrx_word' id='word_1_240' title='bbox 901 3106 1062 3165; x_wconf 83' lang='lat' dir='ltr'>rursusque</span> 
     </span>
     <span class='ocr_line' id='line_1_31' title="bbox 107 3176 720 3256; baseline -0.003 -19"><span class='ocrx_word' id='word_1_241' title='bbox 107 3176 285 3256; x_wconf 86' lang='lat' dir='ltr'>adnepotes</span> <span class='ocrx_word' id='word_1_242' title='bbox 296 3178 437 3245; x_wconf 83' lang='lat' dir='ltr'>referant.</span> <span class='ocrx_word' id='word_1_243' title='bbox 709 3178 720 3195; x_wconf 83' lang='lat'>⁸</span> 
     </span>
     <span class='ocr_line' id='line_1_32' title="bbox 145 3272 1063 3356; baseline 0.004 -23"><span class='ocrx_word' id='word_1_244' title='bbox 145 3273 236 3333; x_wconf 74' lang='lat' dir='ltr'>XIX.</span> <span class='ocrx_word' id='word_1_245' title='bbox 256 3272 342 3352; x_wconf 87' lang='lat' dir='ltr'>Ergo</span> <span class='ocrx_word' id='word_1_246' title='bbox 354 3287 447 3352; x_wconf 82' lang='lat' dir='ltr'>septae</span> <span class='ocrx_word' id='word_1_247' title='bbox 456 3273 600 3353; x_wconf 88' lang='lat' dir='ltr'>pudicitia</span> <span class='ocrx_word' id='word_1_248' title='bbox 610 3287 713 3353; x_wconf 85' lang='lat' dir='ltr'>agunt,</span> <span class='ocrx_word' id='word_1_249' title='bbox 722 3276 813 3335; x_wconf 89' lang='lat' dir='ltr'>nullis</span> <span class='ocrx_word' id='word_1_250' title='bbox 823 3278 1063 3356; x_wconf 83' lang='lat' dir='ltr'>spectaculorum</span> 
     </span>
     <span class='ocr_line' id='line_1_33' title="bbox 66 3341 1063 3471; baseline 0.003 -41"><span class='ocrx_word' id='word_1_251' title='bbox 66 3390 71 3407; x_wconf 86' lang='lat'><strong><em>¹</em></strong></span> <span class='ocrx_word' id='word_1_252' title='bbox 86 3450 92 3457; x_wconf 22' lang='grc' dir='ltr'>η</span> <span class='ocrx_word' id='word_1_253' title='bbox 98 3341 268 3471; x_wconf 50' lang='grc' dir='ltr'>ὲὶὶῶήε,</span> <span class='ocrx_word' id='word_1_254' title='bbox 277 3368 368 3428; x_wconf 86' lang='lat' dir='ltr'>nullis</span> <span class='ocrx_word' id='word_1_255' title='bbox 379 3369 578 3429; x_wconf 85' lang='lat' dir='ltr'>conviviorum</span> <span class='ocrx_word' id='word_1_256' title='bbox 590 3370 800 3431; x_wconf 73' lang='lat' dir='ltr'>bntauonibus</span> <span class='ocrx_word' id='word_1_257' title='bbox 810 3385 965 3453; x_wconf 83' lang='lat' dir='ltr'>eormptae.</span> <span class='ocrx_word' id='word_1_258' title='bbox 999 3374 1063 3433; x_wconf 87' lang='lat' dir='ltr'>Lit-</span> 
     </span>
     <span class='ocr_line' id='line_1_34' title="bbox 7 3450 1063 3553; baseline 0.004 -27"><span class='ocrx_word' id='word_1_259' title='bbox 7 3516 21 3547; x_wconf 77' lang='lat'><strong>&lt;</strong></span> <span class='ocrx_word' id='word_1_260' title='bbox 36 3450 90 3537; x_wconf 45' lang='grc' dir='ltr'>ἦν’</span> <span class='ocrx_word' id='word_1_261' title='bbox 107 3479 239 3535; x_wconf 65' lang='lat' dir='ltr'>mmmm</span> <span class='ocrx_word' id='word_1_262' title='bbox 254 3467 436 3553; x_wconf 55' lang='lat' dir='ltr'>suffiriri</span> <span class='ocrx_word' id='word_1_263' title='bbox 446 3466 560 3547; x_wconf 86' lang='lat' dir='ltr'>pariter</span> <span class='ocrx_word' id='word_1_264' title='bbox 573 3488 608 3529; x_wconf 87' lang='lat' dir='ltr'>ac</span> <span class='ocrx_word' id='word_1_265' title='bbox 617 3468 737 3529; x_wconf 72' lang='lat' dir='ltr'>seminia</span> <span class='ocrx_word' id='word_1_266' title='bbox 751 3470 898 3549; x_wconf 77' lang='lat' dir='ltr'>ignorant</span> <span class='ocrx_word' id='word_1_267' title='bbox 938 3470 1063 3531; x_wconf 86' lang='lat' dir='ltr'>Paucis·</span> 
     </span>
     <span class='ocr_line' id='line_1_35' title="bbox 107 3562 1151 3648; baseline 0.002 -27"><span class='ocrx_word' id='word_1_268' title='bbox 107 3562 186 3622; x_wconf 82' lang='lat' dir='ltr'>sima</span> <span class='ocrx_word' id='word_1_269' title='bbox 204 3563 236 3622; x_wconf 93' lang='lat' dir='ltr'>in</span> <span class='ocrx_word' id='word_1_270' title='bbox 258 3576 321 3623; x_wconf 88' lang='lat' dir='ltr'>tam</span> <span class='ocrx_word' id='word_1_271' title='bbox 341 3583 498 3624; x_wconf 88' lang='lat' dir='ltr'>numerosa</span> <span class='ocrx_word' id='word_1_272' title='bbox 520 3579 611 3643; x_wconf 81' lang='lat' dir='ltr'>geute</span> <span class='ocrx_word' id='word_1_273' title='bbox 633 3565 796 3638; x_wconf 78' lang='lat' dir='ltr'>adulteria3</span> <span class='ocrx_word' id='word_1_274' title='bbox 826 3588 952 3647; x_wconf 91' lang='lat' dir='ltr'>quorum</span> <span class='ocrx_word' id='word_1_275' title='bbox 975 3589 1063 3648; x_wconf 85' lang='lat' dir='ltr'>poena</span> <span class='ocrx_word' id='word_1_276' title='bbox 1136 3599 1151 3623; x_wconf 79' lang='grc'><strong>.</strong></span> 
     </span>
     <span class='ocr_line' id='line_1_36' title="bbox 107 3659 1061 3742; baseline 0.006 -23"><span class='ocrx_word' id='word_1_277' title='bbox 107 3677 250 3737; x_wconf 80' lang='lat' dir='ltr'>praeseus,</span> <span class='ocrx_word' id='word_1_278' title='bbox 260 3671 294 3721; x_wconf 88' lang='lat' dir='ltr'>et</span> <span class='ocrx_word' id='word_1_279' title='bbox 306 3659 420 3723; x_wconf 72' lang='lat' dir='ltr'>merids</span> <span class='ocrx_word' id='word_1_280' title='bbox 432 3661 586 3742; x_wconf 84' lang='lat' dir='ltr'>permissa</span> <span class='ocrx_word' id='word_1_281' title='bbox 625 3662 743 3724; x_wconf 82' lang='lat' dir='ltr'>Aceisis</span> <span class='ocrx_word' id='word_1_282' title='bbox 755 3663 896 3737; x_wconf 88' lang='lat' dir='ltr'>crinibus,</span> <span class='ocrx_word' id='word_1_283' title='bbox 909 3666 1061 3737; x_wconf 85' lang='lat' dir='ltr'>nudatam,</span> 
     </span>
    </p>
   </div>
   <div class='ocr_carea' id='block_1_3' title="bbox 0 0 1204 4290">
    <p class='ocr_par' dir='ltr' id='par_1_3' title="bbox 0 0 1204 4290">
     <span class='ocr_line' id='line_1_37' title="bbox 0 0 1204 4290; baseline 0 0"><span class='ocrx_word' id='word_1_284' title='bbox 0 0 1204 4290; x_wconf 95' lang='lat' dir='ltr'> </span> 
     </span>
    </p>
   </div>
  </div>
 </body>
</html>
