2400 4290
90 552 96 561 ι

0 560 113 644 σω»)

139 267 181 326 20
427 284 453 324 o.
477 282 652 325 sonnatius
675 280 809 324 racrrus

139 415 244 474 oceani
258 427 369 474 castum
385 434 501 486 nemus,
515 415 705 492 dicammque
718 414 749 472 in
767 433 804 472 eo
816 404 996 483 vehiculum,
1010 426 1094 472 veste

138 524 323 570 contectum:
343 511 488 589 attingere
504 511 556 569 uni
571 510 718 570 sacerdoti
729 530 912 568 concessum.
942 509 972 567 Is
988 509 1093 567 adesse

136 609 282 686 penetrali
295 608 383 666 deam
398 608 546 686 intelligit,
560 621 737 685 vectamque
751 607 850 665 bubus
865 605 983 664 feminis
1000 607 1094 663 muita

137 723 206 761 cum
219 700 412 762 veneratione
424 705 621 783 prosequitur.
663 702 743 761 Laeti
757 715 828 761 tunc
842 701 916 772 dies,
927 701 1003 759 festa
1015 703 1091 770 loca,

137 820 324 877 quaecunque
351 800 482 858 adventu
504 799 695 878 hospitioque
720 792 866 877 dignatur.
917 797 989 856 Non
1012 797 1093 855 bella

30 942 35 951 .
135 893 249 964 ineunt,
260 915 321 954 non
335 915 417 954 arma
430 908 568 967 sumuut3
590 896 724 969 clausum
739 914 828 952 omne
838 892 969 952 ferrum:
991 913 1052 970 pax
1063 905 1093 949 et

136 989 220 1068 quies
237 1003 307 1049 tuno
323 1003 435 1049 tantum
456 1003 534 1060 nota,
549 1003 620 1049 tunc
639 997 755 1048 tantum
776 1001 883 1058 amata,
899 987 995 1046 donec
1011 987 1092 1045 idem

136 1086 276 1145 sacerdos
295 1087 431 1146 satiatam
448 1086 669 1145 conversatione
687 1084 858 1143 mortalium
874 1082 962 1142 deam
979 1084 1091 1161 templo

133 1182 247 1241 reddat.
292 1184 369 1242 Mox
389 1183 560 1243 vehiculum
583 1196 613 1242 et
633 1197 740 1252 vestes,
758 1195 797 1253 et,
813 1183 840 1240 si
861 1183 986 1241 credere
1007 1182 1089 1253 velis,

134 1298 246 1336 numen
266 1278 365 1357 ipsum
388 1291 503 1337 secreto
524 1280 593 1337 lacu
618 1278 755 1339 abluitur.
796 1278 883 1338 Servi
903 1278 1087 1349 ministrant;

134 1393 208 1451 quos
234 1374 332 1432 statim
357 1373 440 1431 idem
465 1375 549 1432 lacus
573 1373 681 1432 haurit.
735 1376 874 1434 Arcauus
897 1373 968 1432 hinc
994 1385 1090 1432 terror

133 1481 292 1545 sanctaque
308 1468 485 1548 ignorantia,
500 1469 573 1547 quid
589 1469 627 1529 sit
644 1468 716 1528 illud
734 1469 816 1548 quod
833 1482 947 1529 tantum
963 1463 1089 1548 perituri

132 1563 242 1624 vident.

172 1660 261 1720 XLI.
289 1661 332 1721 Et
351 1661 417 1722 haeo
443 1661 564 1741 quidem
586 1646 653 1741 pars
678 1662 845 1722 Suevorum
868 1661 899 1720 in
923 1660 1088 1721 secretiora

133 1757 305 1818 Germaniae
319 1759 489 1839 porrigitur.
530 1760 661 1839 Propior
674 1759 730 1837 (ut,
742 1780 802 1838 quo
815 1758 905 1817 modo
920 1759 1087 1837 pauloante
1125 1806 1129 1812 .

133 1854 284 1925 Rhenum,
305 1856 349 1914 sic
369 1876 449 1915 nunc
470 1857 644 1915 Danubium
665 1856 784 1933 sequar)
808 1853 1087 1913 Hermundurorum

133 1950 245 2019 civitas,
267 1950 327 2011 fida
344 1951 499 2021 Romanis,
518 1971 617 2028 eoque
639 1952 709 2009 solis
730 1951 953 2009 Germanorum
974 1969 1034 2006 non
1056 1948 1085 2004 in

130 2044 198 2123 ripa
220 2046 442 2117 commercium,
463 2046 517 2106 sed
537 2047 657 2125 penitus
680 2061 771 2124 atque
792 2046 824 2104 in
845 2045 1087 2124 splendidissima

128 2138 241 2223 'Raetiae
255 2138 424 2217 provinciae
445 2141 579 2200 colonia:
596 2142 709 2220 passim
724 2154 754 2200 et
763 2142 829 2201 siue
840 2141 963 2200 custode
973 2155 1086 2199 manse·

130 2247 200 2308 unt;
221 2249 261 2306 et,
272 2256 341 2294 cum
354 2236 460 2295 ceterIs
473 2237 611 2315 gentibus
625 2257 707 2295 arma
716 2237 806 2296 modo
817 2249 973 2313 castraque
984 2249 1086 2294 nostra

130 2331 332 2403 ostendamus,
346 2330 392 2391 bis
407 2331 513 2391 domos
527 2332 673 2410 villasque
686 2332 884 2411 patefecimus
900 2351 960 2389 non
978 2351 1085 2389 concu-

129 2427 323 2507 piscentibus.
364 2429 402 2486 In
415 2428 639 2488 Hermunduris
652 2429 740 2488 Albis
756 2429 858 2500 oritur,
872 2429 985 2486 flumen
1002 2427 1083 2487 incli-

129 2535 192 2582 tum
206 2537 237 2582 et
250 2536 354 2582 notum
367 2524 454 2596 olim;
476 2545 555 2608 nunc
569 2537 683 2584 tantum
697 2524 825 2584 auditur.

169 2604 272 2678 XLII.
293 2619 389 2679 Juxta
402 2620 634 2680 Hermunduros
647 2619 678 2678 N
681 2621 777 2691 ariaci,
792 2641 826 2680 ac
840 2618 952 2678 deinde
966 2619 1083 2678 Marco·

129 2717 231 2775 manni
242 2729 271 2776 et
280 2717 383 2790 Quadi
394 2712 495 2796 agunt.
527 2717 688 2796 Praeoipua
698 2717 981 2777 Marcomannorum
992 2715 1084 2793 gloria

128 2811 280 2888 viresque,
288 2825 378 2890 atque
390 2813 457 2890 ipsa
469 2811 558 2872 etiam
572 2812 668 2881 sedes,
681 2812 775 2892 pulsis
789 2812 861 2869 olim
871 2811 964 2880 Boiis,
975 2810 1083 2869 virtute

127 2917 223 2985 parta.
263 2906 331 2965 Nec
352 2907 471 2965 Narisci
491 2905 632 2978 Quadive
653 2905 845 2984 degenerant.
885 2906 991 2981 anue
1008 2905 1083 2963 Ger·

127 2999 234 3057 maniae
245 3001 327 3058 velut
336 3000 418 3058 frons
429 3012 483 3071 est,
494 2986 639 3075 quatenus
648 3000 790 3059 Danubio
799 2999 961 3079 peragitur.
1001 3001 1082 3057 Mar·

128 3093 281 3151 comannis
297 3094 475 3172 Quadisque
491 3115 587 3172 usque
604 3095 642 3153 ad
658 3106 789 3152 nostram
802 3094 976 3153 memoriam
992 3114 1082 3171 reges

127 3202 299 3248 mansemnt
314 3210 355 3249 ex
371 3203 461 3269 geute
476 3190 619 3270 ipsorum,
632 3188 733 3248 nobile
747 3189 926 3249 Marobodui
939 3201 971 3248 et
984 3191 1082 3249 Tudri

128 3304 239 3367 genus3
263 3285 328 3365 jam
345 3298 377 3345 et
395 3300 538 3345 externos
556 3286 714 3366 patiuntur.
759 3284 822 3344 Sed
838 3285 882 3344 vis
904 3298 935 3344 et
949 3286 1083 3364 potentia

127 3382 251 3462 regibus
263 3402 302 3441 ex
313 3382 647 3443 auctoritateRomana:
664 3402 733 3442 raro
744 3382 832 3442 armis
843 3382 960 3454 nostris,
972 3382 1081 3462 saepius

127 3477 258 3559 pecunia
265 3479 415 3559 juvantur.

85 3602 90 3613 ¹
167 3579 288 3638 XLIII.
309 3579 378 3639 Nec
392 3578 490 3638 minus
504 3581 603 3638 valent
616 3591 697 3638 retro
709 3578 866 3658 Marsigni,
877 3578 1009 3648 Gothini,
1017 3577 1080 3648 Osi,

129 3672 220 3734 Buri:
245 3688 331 3755 terga
349 3677 631 3736 Marcomannorum
649 3675 885 3753 Quadorumque
899 3675 1041 3735 cludunt:
1063 3694 1081 3732 s
