<?xml version="1.0" encoding="UTF-8"?>
<!DOCTYPE html PUBLIC "-//W3C//DTD XHTML 1.0 Transitional//EN"
    "http://www.w3.org/TR/xhtml1/DTD/xhtml1-transitional.dtd">
<html xmlns="http://www.w3.org/1999/xhtml" xml:lang="en" lang="en">
 <head>
  <title>
</title>
<meta http-equiv="Content-Type" content="text/html;charset=utf-8" />
  <meta name='ocr-system' content='tesseract 3.04.00' />
  <meta name='ocr-capabilities' content='ocr_page ocr_carea ocr_par ocr_line ocrx_word'/>
</head>
<body>
  <div class='ocr_page' id='page_1' title='image "./germaniaandagri00boetgoog_0102.png"; bbox 0 0 2400 4290; ppageno 0'>
   <div class='ocr_carea' id='block_1_1' title="bbox 296 225 1080 282">
    <p class='ocr_par' dir='ltr' id='par_1_1' title="bbox 296 225 1080 282">
     <span class='ocr_line' id='line_1_1' title="bbox 296 225 1080 282; baseline 0 0"><span class='ocrx_word' id='word_1_1' title='bbox 296 239 459 282; x_wconf 75' lang='lat' dir='ltr'><strong>acmcoue</strong></span> <span class='ocrx_word' id='word_1_2' title='bbox 475 238 675 280; x_wconf 70' lang='lat' dir='ltr'><strong>vira-car.</strong></span> <span class='ocrx_word' id='word_1_3' title='bbox 692 237 908 280; x_wconf 71' lang='lat' dir='ltr'><strong>xxva-xxix.</strong></span> <span class='ocrx_word' id='word_1_4' title='bbox 1038 225 1080 282; x_wconf 82' lang='lat'><strong>43</strong></span> 
     </span>
    </p>
   </div>
   <div class='ocr_carea' id='block_1_2' title="bbox 10 362 1195 3709">
    <p class='ocr_par' dir='ltr' id='par_1_2' title="bbox 10 362 1195 3709">
     <span class='ocr_line' id='line_1_2' title="bbox 126 362 1078 448; baseline -0.001 -16"><span class='ocrx_word' id='word_1_5' title='bbox 126 373 278 432; x_wconf 86' lang='lat' dir='ltr'><strong>civitatum</strong></span> <span class='ocrx_word' id='word_1_6' title='bbox 300 362 465 432; x_wconf 85' lang='lat' dir='ltr'><strong>sancirent:</strong></span> <span class='ocrx_word' id='word_1_7' title='bbox 492 383 580 448; x_wconf 85' lang='lat' dir='ltr'><strong>atque</strong></span> <span class='ocrx_word' id='word_1_8' title='bbox 601 369 643 428; x_wconf 91' lang='lat' dir='ltr'><strong>ita</strong></span> <span class='ocrx_word' id='word_1_9' title='bbox 662 369 781 428; x_wconf 81' lang='lat' dir='ltr'><strong>irritatis</strong></span> <span class='ocrx_word' id='word_1_10' title='bbox 802 369 950 448; x_wconf 82' lang='lat' dir='ltr'><strong>utrimque</strong></span> <span class='ocrx_word' id='word_1_11' title='bbox 974 368 1078 431; x_wconf 84' lang='lat' dir='ltr'><strong>animis</strong></span> 
     </span>
     <span class='ocr_line' id='line_1_3' title="bbox 125 469 1105 533; baseline 0.006 -6"><span class='ocrx_word' id='word_1_12' title='bbox 125 469 299 528; x_wconf 81' lang='lat' dir='ltr'><strong>discessum.</strong></span> <span class='ocrx_word' id='word_1_13' title='bbox 1100 522 1105 533; x_wconf 95' lang='grc'><em>,</em></span> 
     </span>
     <span class='ocr_line' id='line_1_4' title="bbox 164 561 1078 641; baseline -0.001 -17"><span class='ocrx_word' id='word_1_14' title='bbox 164 565 319 624; x_wconf 90' lang='lat' dir='ltr'>XXVIII.</span> <span class='ocrx_word' id='word_1_15' title='bbox 340 563 460 623; x_wconf 88' lang='lat' dir='ltr'><strong>Eadem</strong></span> <span class='ocrx_word' id='word_1_16' title='bbox 473 575 573 622; x_wconf 84' lang='lat' dir='ltr'><strong>aestate</strong></span> <span class='ocrx_word' id='word_1_17' title='bbox 586 563 691 621; x_wconf 85' lang='lat' dir='ltr'>cohors</span> <span class='ocrx_word' id='word_1_18' title='bbox 699 561 881 641; x_wconf 92' lang='lat' dir='ltr'><strong>Usipiorum,</strong></span> <span class='ocrx_word' id='word_1_19' title='bbox 890 582 945 641; x_wconf 88' lang='lat' dir='ltr'><strong>per</strong></span> <span class='ocrx_word' id='word_1_20' title='bbox 953 564 1078 623; x_wconf 83' lang='lat' dir='ltr'><strong>Germa·</strong></span> 
     </span>
     <span class='ocr_line' id='line_1_5' title="bbox 125 651 1078 738; baseline -0.001 -19"><span class='ocrx_word' id='word_1_21' title='bbox 125 661 189 719; x_wconf 89' lang='lat' dir='ltr'><strong>nias</strong></span> <span class='ocrx_word' id='word_1_22' title='bbox 206 651 380 738; x_wconf 88' lang='lat' dir='ltr'><strong>conscripta,</strong></span> <span class='ocrx_word' id='word_1_23' title='bbox 396 659 472 718; x_wconf 89' lang='lat' dir='ltr'><strong>etin</strong></span> <span class='ocrx_word' id='word_1_24' title='bbox 489 658 674 717; x_wconf 81' lang='lat' dir='ltr'><strong>Britanniam</strong></span> <span class='ocrx_word' id='word_1_25' title='bbox 691 659 870 726; x_wconf 85' lang='lat' dir='ltr'><strong>transmissa,</strong></span> <span class='ocrx_word' id='word_1_26' title='bbox 885 678 1028 736; x_wconf 81' lang='lat' dir='ltr'><strong>magnum</strong></span> <span class='ocrx_word' id='word_1_27' title='bbox 1043 679 1078 718; x_wconf 91' lang='lat' dir='ltr'><strong>ac</strong></span> 
     </span>
     <span class='ocr_line' id='line_1_6' title="bbox 126 754 1078 814; baseline -0.001 0"><span class='ocrx_word' id='word_1_28' title='bbox 126 756 320 814; x_wconf 81' lang='lat' dir='ltr'><strong>memorabile</strong></span> <span class='ocrx_word' id='word_1_29' title='bbox 331 754 445 813; x_wconf 87' lang='lat' dir='ltr'><strong>facinus</strong></span> <span class='ocrx_word' id='word_1_30' title='bbox 457 774 528 813; x_wconf 87' lang='lat' dir='ltr'><strong>ausa</strong></span> <span class='ocrx_word' id='word_1_31' title='bbox 539 766 592 813; x_wconf 85' lang='lat' dir='ltr'><strong>est.</strong></span> <span class='ocrx_word' id='word_1_32' title='bbox 632 754 738 812; x_wconf 88' lang='lat' dir='ltr'><strong>Occiso</strong></span> <span class='ocrx_word' id='word_1_33' title='bbox 749 754 922 812; x_wconf 81' lang='lat' dir='ltr'><strong>centurione</strong></span> <span class='ocrx_word' id='word_1_34' title='bbox 934 775 969 813; x_wconf 86' lang='lat' dir='ltr'><strong>ec</strong></span> <span class='ocrx_word' id='word_1_35' title='bbox 979 755 1078 813; x_wconf 89' lang='lat' dir='ltr'><strong>militi·</strong></span> 
     </span>
     <span class='ocr_line' id='line_1_7' title="bbox 125 849 1078 929; baseline -0.001 -19"><span class='ocrx_word' id='word_1_36' title='bbox 125 852 192 921; x_wconf 88' lang='lat' dir='ltr'><strong>bus,</strong></span> <span class='ocrx_word' id='word_1_37' title='bbox 214 851 275 929; x_wconf 92' lang='lat' dir='ltr'><strong>qui,</strong></span> <span class='ocrx_word' id='word_1_38' title='bbox 297 851 335 910; x_wconf 89' lang='lat' dir='ltr'><strong>ed</strong></span> <span class='ocrx_word' id='word_1_39' title='bbox 359 849 532 908; x_wconf 87' lang='lat' dir='ltr'><strong>tradendam</strong></span> <span class='ocrx_word' id='word_1_40' title='bbox 552 849 740 928; x_wconf 79' lang='lat' dir='ltr'><strong>disciplinam</strong></span> <span class='ocrx_word' id='word_1_41' title='bbox 759 850 888 907; x_wconf 84' lang='lat' dir='ltr'><strong>immixti</strong></span> <span class='ocrx_word' id='word_1_42' title='bbox 911 851 1078 929; x_wconf 81' lang='lat' dir='ltr'><strong>manipulis,</strong></span> 
     </span>
     <span class='ocr_line' id='line_1_8' title="bbox 127 946 1102 1024; baseline 0.002 -20"><span class='ocrx_word' id='word_1_43' title='bbox 127 947 300 1024; x_wconf 88' lang='lat' dir='ltr'><strong>exemplum</strong></span> <span class='ocrx_word' id='word_1_44' title='bbox 317 958 348 1004; x_wconf 90' lang='lat' dir='ltr'><strong>et</strong></span> <span class='ocrx_word' id='word_1_45' title='bbox 364 958 495 1004; x_wconf 87' lang='lat' dir='ltr'><strong>rectores</strong></span> <span class='ocrx_word' id='word_1_46' title='bbox 507 946 702 1016; x_wconf 87' lang='lat' dir='ltr'><strong>habebantur,</strong></span> <span class='ocrx_word' id='word_1_47' title='bbox 717 957 778 1003; x_wconf 87' lang='lat' dir='ltr'><strong>tres</strong></span> <span class='ocrx_word' id='word_1_48' title='bbox 791 946 951 1004; x_wconf 85' lang='lat' dir='ltr'><strong>liburnicas</strong></span> <span class='ocrx_word' id='word_1_49' title='bbox 965 946 1078 1007; x_wconf 78' lang='lat' dir='ltr'><strong>adactis</strong></span> <span class='ocrx_word' id='word_1_50' title='bbox 1099 988 1102 993; x_wconf 91' lang='lat'><em>-</em></span> 
     </span>
     <span class='ocr_line' id='line_1_9' title="bbox 124 1040 1078 1120; baseline 0.003 -22"><span class='ocrx_word' id='word_1_51' title='bbox 124 1061 181 1120; x_wconf 90' lang='lat' dir='ltr'><strong>per</strong></span> <span class='ocrx_word' id='word_1_52' title='bbox 201 1042 261 1099; x_wconf 91' lang='lat' dir='ltr'><strong>vim</strong></span> <span class='ocrx_word' id='word_1_53' title='bbox 282 1040 531 1119; x_wconf 86' lang='lat' dir='ltr'><strong>gubernatoribus</strong></span> <span class='ocrx_word' id='word_1_54' title='bbox 553 1040 733 1100; x_wconf 86' lang='lat' dir='ltr'><strong>ascendere:</strong></span> <span class='ocrx_word' id='word_1_55' title='bbox 760 1054 789 1099; x_wconf 90' lang='lat' dir='ltr'><strong>et</strong></span> <span class='ocrx_word' id='word_1_56' title='bbox 807 1061 867 1099; x_wconf 91' lang='lat' dir='ltr'><strong>uno</strong></span> <span class='ocrx_word' id='word_1_57' title='bbox 887 1043 1078 1120; x_wconf 86' lang='lat' dir='ltr'><strong>remigrante,</strong></span> 
     </span>
     <span class='ocr_line' id='line_1_10' title="bbox 125 1135 1077 1216; baseline 0.006 -23"><span class='ocrx_word' id='word_1_58' title='bbox 125 1137 269 1214; x_wconf 88' lang='lat' dir='ltr'><strong>suspectis</strong></span> <span class='ocrx_word' id='word_1_59' title='bbox 278 1135 394 1195; x_wconf 90' lang='lat' dir='ltr'><strong>duobus</strong></span> <span class='ocrx_word' id='word_1_60' title='bbox 404 1135 941 1216; x_wconf 74' lang='lat' dir='ltr'><strong>eoqueinteffectis,nondumvulgato</strong></span> <span class='ocrx_word' id='word_1_61' title='bbox 949 1159 1077 1210; x_wconf 88' lang='lat' dir='ltr'><strong>rumore,</strong></span> 
     </span>
     <span class='ocr_line' id='line_1_11' title="bbox 125 1226 1078 1312; baseline 0.003 -22"><span class='ocrx_word' id='word_1_62' title='bbox 125 1243 159 1290; x_wconf 90' lang='lat' dir='ltr'><strong>ut</strong></span> <span class='ocrx_word' id='word_1_63' title='bbox 171 1232 358 1302; x_wconf 85' lang='lat' dir='ltr'><strong>miraculum,</strong></span> <span class='ocrx_word' id='word_1_64' title='bbox 369 1234 624 1312; x_wconf 83' lang='lat' dir='ltr'><strong>praevehebantur.</strong></span> <span class='ocrx_word' id='word_1_65' title='bbox 666 1233 740 1291; x_wconf 87' lang='lat' dir='ltr'><strong>Mox</strong></span> <span class='ocrx_word' id='word_1_66' title='bbox 750 1234 808 1292; x_wconf 92' lang='lat' dir='ltr'><strong>hac</strong></span> <span class='ocrx_word' id='word_1_67' title='bbox 822 1246 911 1310; x_wconf 89' lang='lat' dir='ltr'><strong>atque</strong></span> <span class='ocrx_word' id='word_1_68' title='bbox 925 1235 978 1292; x_wconf 90' lang='lat' dir='ltr'><strong>illa</strong></span> <span class='ocrx_word' id='word_1_69' title='bbox 991 1226 1078 1312; x_wconf 80' lang='lat' dir='ltr'><strong>rapti,</strong></span> 
     </span>
     <span class='ocr_line' id='line_1_12' title="bbox 126 1320 1108 1408; baseline 0.005 -23"><span class='ocrx_word' id='word_1_70' title='bbox 126 1339 156 1385; x_wconf 92' lang='lat' dir='ltr'><strong>et</strong></span> <span class='ocrx_word' id='word_1_71' title='bbox 177 1347 245 1386; x_wconf 92' lang='lat' dir='ltr'><strong>cum</strong></span> <span class='ocrx_word' id='word_1_72' title='bbox 261 1329 411 1406; x_wconf 90' lang='lat' dir='ltr'><strong>plerisque</strong></span> <span class='ocrx_word' id='word_1_73' title='bbox 428 1327 640 1386; x_wconf 88' lang='lat' dir='ltr'><strong>Britannorum</strong></span> <span class='ocrx_word' id='word_1_74' title='bbox 661 1320 715 1387; x_wconf 78' lang='lat' dir='ltr'><strong>suis</strong></span> <span class='ocrx_word' id='word_1_75' title='bbox 732 1328 954 1388; x_wconf 87' lang='lat' dir='ltr'><strong>defensantium</strong></span> <span class='ocrx_word' id='word_1_76' title='bbox 970 1331 1078 1408; x_wconf 88' lang='lat' dir='ltr'><strong>proelio</strong></span> <span class='ocrx_word' id='word_1_77' title='bbox 1106 1354 1108 1358; x_wconf 69' lang='grc'>’</span> 
     </span>
     <span class='ocr_line' id='line_1_13' title="bbox 126 1423 1078 1505; baseline 0.005 -25"><span class='ocrx_word' id='word_1_78' title='bbox 126 1423 286 1501; x_wconf 89' lang='lat' dir='ltr'><strong>congressi,</strong></span> <span class='ocrx_word' id='word_1_79' title='bbox 308 1444 343 1482; x_wconf 89' lang='lat' dir='ltr'><strong>ac</strong></span> <span class='ocrx_word' id='word_1_80' title='bbox 362 1443 443 1502; x_wconf 85' lang='lat' dir='ltr'><strong>saepe</strong></span> <span class='ocrx_word' id='word_1_81' title='bbox 464 1423 602 1495; x_wconf 85' lang='lat' dir='ltr'><strong>victores,</strong></span> <span class='ocrx_word' id='word_1_82' title='bbox 623 1424 782 1502; x_wconf 83' lang='lat' dir='ltr'><strong>aliquando</strong></span> <span class='ocrx_word' id='word_1_83' title='bbox 802 1425 892 1505; x_wconf 91' lang='lat' dir='ltr'><strong>pulsi,</strong></span> <span class='ocrx_word' id='word_1_84' title='bbox 909 1446 946 1484; x_wconf 92' lang='lat' dir='ltr'><strong>eo</strong></span> <span class='ocrx_word' id='word_1_85' title='bbox 967 1425 1005 1485; x_wconf 89' lang='lat' dir='ltr'><strong>ad</strong></span> <span class='ocrx_word' id='word_1_86' title='bbox 1026 1446 1078 1485; x_wconf 88' lang='lat' dir='ltr'><strong>ex·</strong></span> 
     </span>
     <span class='ocr_line' id='line_1_14' title="bbox 126 1518 1078 1597; baseline 0.003 -20"><span class='ocrx_word' id='word_1_87' title='bbox 126 1531 253 1577; x_wconf 88' lang='lat' dir='ltr'><strong>tremum</strong></span> <span class='ocrx_word' id='word_1_88' title='bbox 263 1518 372 1597; x_wconf 89' lang='lat' dir='ltr'><strong>inopiae</strong></span> <span class='ocrx_word' id='word_1_89' title='bbox 380 1539 499 1589; x_wconf 88' lang='lat' dir='ltr'><strong>venere,</strong></span> <span class='ocrx_word' id='word_1_90' title='bbox 510 1532 543 1577; x_wconf 92' lang='lat' dir='ltr'><strong>ut</strong></span> <span class='ocrx_word' id='word_1_91' title='bbox 553 1519 766 1580; x_wconf 85' lang='lat' dir='ltr'><strong>infirmissimos</strong></span> <span class='ocrx_word' id='word_1_92' title='bbox 776 1541 907 1590; x_wconf 89' lang='lat' dir='ltr'><strong>suorum,</strong></span> <span class='ocrx_word' id='word_1_93' title='bbox 916 1541 987 1580; x_wconf 88' lang='lat' dir='ltr'><strong>mox</strong></span> <span class='ocrx_word' id='word_1_94' title='bbox 997 1533 1078 1580; x_wconf 88' lang='lat' dir='ltr'><strong>sorte</strong></span> 
     </span>
     <span class='ocr_line' id='line_1_15' title="bbox 126 1612 1078 1693; baseline 0.006 -24"><span class='ocrx_word' id='word_1_95' title='bbox 126 1612 239 1683; x_wconf 87' lang='lat' dir='ltr'><strong>ductos,</strong></span> <span class='ocrx_word' id='word_1_96' title='bbox 255 1626 456 1679; x_wconf 84' lang='lat' dir='ltr'><strong>vescerentur.</strong></span> <span class='ocrx_word' id='word_1_97' title='bbox 496 1615 596 1693; x_wconf 83' lang='lat' dir='ltr'><strong>Atque</strong></span> <span class='ocrx_word' id='word_1_98' title='bbox 617 1615 658 1674; x_wconf 85' lang='lat' dir='ltr'><strong>ite</strong></span> <span class='ocrx_word' id='word_1_99' title='bbox 678 1615 868 1687; x_wconf 79' lang='lat' dir='ltr'><strong>circumvecti</strong></span> <span class='ocrx_word' id='word_1_100' title='bbox 884 1617 1078 1690; x_wconf 73' lang='lat' dir='ltr'><strong>Bdtanniam,</strong></span> 
     </span>
     <span class='ocr_line' id='line_1_16' title="bbox 127 1706 1078 1789; baseline 0 -20"><span class='ocrx_word' id='word_1_101' title='bbox 127 1709 239 1769; x_wconf 85' lang='lat' dir='ltr'><strong>amissis</strong></span> <span class='ocrx_word' id='word_1_102' title='bbox 260 1731 317 1789; x_wconf 89' lang='lat' dir='ltr'><strong>per</strong></span> <span class='ocrx_word' id='word_1_103' title='bbox 337 1709 485 1769; x_wconf 90' lang='lat' dir='ltr'><strong>inscitiam</strong></span> <span class='ocrx_word' id='word_1_104' title='bbox 508 1711 633 1789; x_wconf 79' lang='lat' dir='ltr'><strong>regendi</strong></span> <span class='ocrx_word' id='word_1_105' title='bbox 656 1706 792 1780; x_wconf 81' lang='lat' dir='ltr'><strong>navibus,</strong></span> <span class='ocrx_word' id='word_1_106' title='bbox 809 1731 865 1789; x_wconf 92' lang='lat' dir='ltr'><strong>pro</strong></span> <span class='ocrx_word' id='word_1_107' title='bbox 886 1709 1078 1789; x_wconf 86' lang='lat' dir='ltr'><strong>praedonibue</strong></span> 
     </span>
     <span class='ocr_line' id='line_1_17' title="bbox 125 1804 1093 1884; baseline 0.004 -23"><span class='ocrx_word' id='word_1_108' title='bbox 125 1804 227 1876; x_wconf 87' lang='lat' dir='ltr'><strong>habiti,</strong></span> <span class='ocrx_word' id='word_1_109' title='bbox 237 1806 368 1884; x_wconf 90' lang='lat' dir='ltr'><strong>primum</strong></span> <span class='ocrx_word' id='word_1_110' title='bbox 383 1805 525 1875; x_wconf 87' lang='lat' dir='ltr'><strong>aSuevis,</strong></span> <span class='ocrx_word' id='word_1_111' title='bbox 537 1826 608 1864; x_wconf 86' lang='lat' dir='ltr'><strong>mox</strong></span> <span class='ocrx_word' id='word_1_112' title='bbox 622 1806 754 1865; x_wconf 87' lang='lat' dir='ltr'><strong>aFrisiis</strong></span> <span class='ocrx_word' id='word_1_113' title='bbox 768 1806 926 1884; x_wconf 88' lang='lat' dir='ltr'><strong>intercepti</strong></span> <span class='ocrx_word' id='word_1_114' title='bbox 940 1818 1025 1864; x_wconf 89' lang='lat' dir='ltr'><strong>sunt:</strong></span> <span class='ocrx_word' id='word_1_115' title='bbox 1044 1826 1093 1865; x_wconf 23' lang='lat' dir='ltr'><strong>aot</strong></span> 
     </span>
     <span class='ocr_line' id='line_1_18' title="bbox 125 1900 1079 1981; baseline 0 -22"><span class='ocrx_word' id='word_1_116' title='bbox 125 1900 221 1971; x_wconf 80' lang='lat' dir='ltr'><strong>fitero,</strong></span> <span class='ocrx_word' id='word_1_117' title='bbox 229 1922 302 1979; x_wconf 90' lang='lat' dir='ltr'><strong>quos</strong></span> <span class='ocrx_word' id='word_1_118' title='bbox 310 1922 367 1981; x_wconf 88' lang='lat' dir='ltr'><strong>per</strong></span> <span class='ocrx_word' id='word_1_119' title='bbox 375 1903 553 1961; x_wconf 87' lang='lat' dir='ltr'><strong>commercia</strong></span> <span class='ocrx_word' id='word_1_120' title='bbox 560 1900 761 1972; x_wconf 86' lang='lat' dir='ltr'><strong>venumdatos,</strong></span> <span class='ocrx_word' id='word_1_121' title='bbox 768 1913 798 1960; x_wconf 93' lang='lat' dir='ltr'><strong>et</strong></span> <span class='ocrx_word' id='word_1_122' title='bbox 805 1901 837 1959; x_wconf 88' lang='lat' dir='ltr'><strong>in</strong></span> <span class='ocrx_word' id='word_1_123' title='bbox 846 1915 975 1966; x_wconf 88' lang='lat' dir='ltr'><strong>nostram</strong></span> <span class='ocrx_word' id='word_1_124' title='bbox 983 1922 1079 1979; x_wconf 92' lang='lat' dir='ltr'><strong>usque</strong></span> 
     </span>
     <span class='ocr_line' id='line_1_19' title="bbox 125 1997 1079 2075; baseline 0.002 -21"><span class='ocrx_word' id='word_1_125' title='bbox 125 1997 223 2075; x_wconf 90' lang='lat' dir='ltr'><strong>ripam</strong></span> <span class='ocrx_word' id='word_1_126' title='bbox 237 1998 401 2058; x_wconf 86' lang='lat' dir='ltr'><strong>mutatione</strong></span> <span class='ocrx_word' id='word_1_127' title='bbox 413 1998 575 2058; x_wconf 90' lang='lat' dir='ltr'><strong>ementium</strong></span> <span class='ocrx_word' id='word_1_128' title='bbox 590 1997 743 2069; x_wconf 86' lang='lat' dir='ltr'><strong>adductos,</strong></span> <span class='ocrx_word' id='word_1_129' title='bbox 753 1997 898 2056; x_wconf 91' lang='lat' dir='ltr'><strong>indicium</strong></span> <span class='ocrx_word' id='word_1_130' title='bbox 908 1997 981 2056; x_wconf 89' lang='lat' dir='ltr'><strong>tanti</strong></span> <span class='ocrx_word' id='word_1_131' title='bbox 992 2017 1079 2056; x_wconf 82' lang='lat' dir='ltr'><strong>casus</strong></span> 
     </span>
     <span class='ocr_line' id='line_1_20' title="bbox 126 2077 1174 2174; baseline 0.004 -25"><span class='ocrx_word' id='word_1_132' title='bbox 126 2091 292 2151; x_wconf 81' lang='lat' dir='ltr'><strong>illustravit.</strong></span> <span class='ocrx_word' id='word_1_133' title='bbox 425 2082 430 2086; x_wconf 40' lang='lat'>⁵</span> <span class='ocrx_word' id='word_1_134' title='bbox 559 2077 568 2100; x_wconf 54' lang='lat'>⁸</span> <span class='ocrx_word' id='word_1_135' title='bbox 1167 2082 1174 2174; x_wconf 17' lang='grc' dir='ltr'><strong>’Δ</strong></span> 
     </span>
     <span class='ocr_line' id='line_1_21' title="bbox 97 2170 1078 2337; baseline 0.003 -91"><span class='ocrx_word' id='word_1_136' title='bbox 97 2170 127 2337; x_wconf 69' lang='grc' dir='ltr'><em>Ι</em></span> <span class='ocrx_word' id='word_1_137' title='bbox 165 2188 285 2255; x_wconf 85' lang='lat' dir='ltr'>XXIX.</span> <span class='ocrx_word' id='word_1_138' title='bbox 306 2189 396 2249; x_wconf 89' lang='lat' dir='ltr'><strong>Initio</strong></span> <span class='ocrx_word' id='word_1_139' title='bbox 406 2190 513 2248; x_wconf 81' lang='lat' dir='ltr'><strong>aestatis</strong></span> <span class='ocrx_word' id='word_1_140' title='bbox 521 2190 674 2268; x_wconf 85' lang='lat' dir='ltr'><strong>Agricola,</strong></span> <span class='ocrx_word' id='word_1_141' title='bbox 684 2189 847 2248; x_wconf 87' lang='lat' dir='ltr'><strong>domestico</strong></span> <span class='ocrx_word' id='word_1_142' title='bbox 858 2191 981 2249; x_wconf 82' lang='lat' dir='ltr'><strong>vulnere</strong></span> <span class='ocrx_word' id='word_1_143' title='bbox 993 2173 1078 2260; x_wconf 82' lang='lat' dir='ltr'><strong>ictus,</strong></span> 
     </span>
     <span class='ocr_line' id='line_1_22' title="bbox 127 2285 1080 2369; baseline 0.003 -29"><span class='ocrx_word' id='word_1_144' title='bbox 127 2302 204 2342; x_wconf 87' lang='lat' dir='ltr'><strong>anno</strong></span> <span class='ocrx_word' id='word_1_145' title='bbox 220 2296 289 2343; x_wconf 89' lang='lat' dir='ltr'><strong>ante</strong></span> <span class='ocrx_word' id='word_1_146' title='bbox 305 2297 408 2344; x_wconf 91' lang='lat' dir='ltr'><strong>natum</strong></span> <span class='ocrx_word' id='word_1_147' title='bbox 424 2286 518 2369; x_wconf 81' lang='lat' dir='ltr'><strong>filium</strong></span> <span class='ocrx_word' id='word_1_148' title='bbox 535 2285 640 2349; x_wconf 87' lang='lat' dir='ltr'><strong>amisit.</strong></span> <span class='ocrx_word' id='word_1_149' title='bbox 682 2285 787 2357; x_wconf 82' lang='lat' dir='ltr'><strong>Quem</strong></span> <span class='ocrx_word' id='word_1_150' title='bbox 803 2305 904 2345; x_wconf 91' lang='lat' dir='ltr'><strong>casum</strong></span> <span class='ocrx_word' id='word_1_151' title='bbox 923 2306 1031 2363; x_wconf 88' lang='lat' dir='ltr'><strong>neque,</strong></span> <span class='ocrx_word' id='word_1_152' title='bbox 1046 2297 1080 2343; x_wconf 91' lang='lat' dir='ltr'><strong>ut</strong></span> 
     </span>
     <span class='ocr_line' id='line_1_23' title="bbox 126 2380 1109 2461; baseline 0.003 -24"><span class='ocrx_word' id='word_1_153' title='bbox 126 2381 177 2458; x_wconf 85' lang='lat' dir='ltr'><strong>ple</strong></span> <span class='ocrx_word' id='word_1_154' title='bbox 195 2381 264 2460; x_wconf 81' lang='lat' dir='ltr'><strong>‘que</strong></span> <span class='ocrx_word' id='word_1_155' title='bbox 283 2380 403 2439; x_wconf 84' lang='lat' dir='ltr'><strong>fortium</strong></span> <span class='ocrx_word' id='word_1_156' title='bbox 422 2383 565 2452; x_wconf 89' lang='lat' dir='ltr'><strong>virorum,</strong></span> <span class='ocrx_word' id='word_1_157' title='bbox 580 2383 745 2459; x_wconf 64' lang='lat' dir='ltr'><strong>ambitiose,</strong></span> <span class='ocrx_word' id='word_1_158' title='bbox 762 2401 862 2460; x_wconf 90' lang='lat' dir='ltr'><strong>neque</strong></span> <span class='ocrx_word' id='word_1_159' title='bbox 879 2402 935 2461; x_wconf 90' lang='lat' dir='ltr'><strong>per</strong></span> <span class='ocrx_word' id='word_1_160' title='bbox 952 2383 1081 2441; x_wconf 87' lang='lat' dir='ltr'><strong>lamenta</strong></span> <span class='ocrx_word' id='word_1_161' title='bbox 1105 2452 1109 2461; x_wconf 95' lang='lat'>.</span> 
     </span>
     <span class='ocr_line' id='line_1_24' title="bbox 127 2401 1080 2562; baseline -0.001 -26"><span class='ocrx_word' id='word_1_162' title='bbox 127 2401 238 2562; x_wconf 49' lang='grc' dir='ltr'><strong>ωέζιιε,</strong></span> <span class='ocrx_word' id='word_1_163' title='bbox 253 2498 288 2536; x_wconf 90' lang='lat' dir='ltr'><strong>ac</strong></span> <span class='ocrx_word' id='word_1_164' title='bbox 304 2497 462 2535; x_wconf 84' lang='lat' dir='ltr'><strong>moerorem</strong></span> <span class='ocrx_word' id='word_1_165' title='bbox 478 2477 665 2536; x_wconf 89' lang='lat' dir='ltr'><strong>muliebriter</strong></span> <span class='ocrx_word' id='word_1_166' title='bbox 680 2478 763 2549; x_wconf 86' lang='lat' dir='ltr'><strong>tulit3</strong></span> <span class='ocrx_word' id='word_1_167' title='bbox 785 2491 816 2536; x_wconf 91' lang='lat' dir='ltr'><strong>et</strong></span> <span class='ocrx_word' id='word_1_168' title='bbox 829 2477 859 2534; x_wconf 92' lang='lat' dir='ltr'><strong>in</strong></span> <span class='ocrx_word' id='word_1_169' title='bbox 872 2479 955 2536; x_wconf 93' lang='lat' dir='ltr'><strong>luctu</strong></span> <span class='ocrx_word' id='word_1_170' title='bbox 969 2478 1080 2535; x_wconf 89' lang='lat' dir='ltr'><strong>bellum</strong></span> 
     </span>
     <span class='ocr_line' id='line_1_25' title="bbox 127 2562 1193 2661; baseline 0.003 -32"><span class='ocrx_word' id='word_1_171' title='bbox 127 2570 205 2629; x_wconf 89' lang='lat' dir='ltr'><strong>inter</strong></span> <span class='ocrx_word' id='word_1_172' title='bbox 217 2572 353 2631; x_wconf 84' lang='lat' dir='ltr'><strong>remedia</strong></span> <span class='ocrx_word' id='word_1_173' title='bbox 367 2586 438 2632; x_wconf 89' lang='lat' dir='ltr'><strong>erat.</strong></span> <span class='ocrx_word' id='word_1_174' title='bbox 479 2573 576 2652; x_wconf 87' lang='lat' dir='ltr'><strong>Igitur</strong></span> <span class='ocrx_word' id='word_1_175' title='bbox 587 2575 740 2660; x_wconf 69' lang='lat' dir='ltr'><strong>praemissa</strong></span> <span class='ocrx_word' id='word_1_176' title='bbox 753 2576 857 2643; x_wconf 86' lang='lat' dir='ltr'><strong>classe,</strong></span> <span class='ocrx_word' id='word_1_177' title='bbox 869 2593 935 2651; x_wconf 63' lang='lat' dir='ltr'><strong>que</strong></span> <span class='ocrx_word' id='word_1_178' title='bbox 945 2573 1081 2650; x_wconf 85' lang='lat' dir='ltr'><strong>pluribus</strong></span> <span class='ocrx_word' id='word_1_179' title='bbox 1104 2562 1193 2661; x_wconf 48' lang='lat' dir='ltr'><strong>723⁰?ss</strong></span> 
     </span>
     <span class='ocr_line' id='line_1_26' title="bbox 159 2668 1080 2755; baseline 0.001 -30"><span class='ocrx_word' id='word_1_180' title='bbox 159 2668 183 2725; x_wconf 87' lang='lat' dir='ltr'><strong>c&#39;</strong></span> <span class='ocrx_word' id='word_1_181' title='bbox 216 2669 350 2755; x_wconf 64' lang='lat' dir='ltr'><strong>Qiata</strong></span> <span class='ocrx_word' id='word_1_182' title='bbox 369 2690 512 2748; x_wconf 90' lang='lat' dir='ltr'><strong>magnum</strong></span> <span class='ocrx_word' id='word_1_183' title='bbox 529 2682 559 2728; x_wconf 91' lang='lat' dir='ltr'><strong>et</strong></span> <span class='ocrx_word' id='word_1_184' title='bbox 575 2670 720 2728; x_wconf 90' lang='lat' dir='ltr'><strong>incertum</strong></span> <span class='ocrx_word' id='word_1_185' title='bbox 736 2682 877 2727; x_wconf 88' lang='lat' dir='ltr'><strong>terrorem</strong></span> <span class='ocrx_word' id='word_1_186' title='bbox 895 2668 1015 2737; x_wconf 87' lang='lat' dir='ltr'><strong>faceret,</strong></span> <span class='ocrx_word' id='word_1_187' title='bbox 1029 2688 1080 2726; x_wconf 88' lang='lat' dir='ltr'><strong>ex·</strong></span> 
     </span>
     <span class='ocr_line' id='line_1_27' title="bbox 10 2668 1195 2881; baseline 0 -60"><span class='ocrx_word' id='word_1_188' title='bbox 10 2668 212 2877; x_wconf 38' lang='lat' dir='ltr'><strong>ff&amp;</strong></span> <span class='ocrx_word' id='word_1_189' title='bbox 262 2764 388 2834; x_wconf 86' lang='lat' dir='ltr'><strong>xercitu,</strong></span> <span class='ocrx_word' id='word_1_190' title='bbox 400 2765 447 2823; x_wconf 90' lang='lat' dir='ltr'><strong>cui</strong></span> <span class='ocrx_word' id='word_1_191' title='bbox 459 2785 499 2823; x_wconf 89' lang='lat' dir='ltr'><strong>ex</strong></span> <span class='ocrx_word' id='word_1_192' title='bbox 509 2765 659 2823; x_wconf 88' lang='lat' dir='ltr'><strong>Britannis</strong></span> <span class='ocrx_word' id='word_1_193' title='bbox 670 2763 846 2851; x_wconf 73' lang='lat' dir='ltr'><strong>fortissimos</strong></span> <span class='ocrx_word' id='word_1_194' title='bbox 861 2752 891 2821; x_wconf 77' lang='lat' dir='ltr'><strong>el</strong></span> <span class='ocrx_word' id='word_1_195' title='bbox 901 2728 1080 2849; x_wconf 38' lang='grc' dir='ltr'><strong>ἔρξω</strong></span> <span class='ocrx_word' id='word_1_196' title='bbox 1130 2725 1195 2881; x_wconf 30' lang='lat' dir='ltr'><strong>a&amp;</strong></span> 
     </span>
     <span class='ocr_line' id='line_1_28' title="bbox 128 2846 1079 2939; baseline -0.001 -22"><span class='ocrx_word' id='word_1_197' title='bbox 128 2880 146 2917; x_wconf 89' lang='lat' dir='ltr'><strong>e</strong></span> <span class='ocrx_word' id='word_1_198' title='bbox 189 2861 200 2918; x_wconf 95' lang='lat' dir='ltr'><strong>l</strong></span> <span class='ocrx_word' id='word_1_199' title='bbox 254 2873 299 2920; x_wconf 88' lang='lat' dir='ltr'><strong>tos</strong></span> <span class='ocrx_word' id='word_1_200' title='bbox 326 2860 490 2931; x_wconf 84' lang='lat' dir='ltr'><strong>eddiderat,</strong></span> <span class='ocrx_word' id='word_1_201' title='bbox 513 2861 552 2920; x_wconf 85' lang='lat' dir='ltr'><strong>ed</strong></span> <span class='ocrx_word' id='word_1_202' title='bbox 578 2872 711 2930; x_wconf 86' lang='lat' dir='ltr'><strong>montem</strong></span> <span class='ocrx_word' id='word_1_203' title='bbox 735 2846 912 2939; x_wconf 77' lang='lat' dir='ltr'><strong>Graldpium</strong></span> <span class='ocrx_word' id='word_1_204' title='bbox 934 2858 1079 2938; x_wconf 76' lang='lat' dir='ltr'><strong>pervenit,</strong></span> 
     </span>
     <span class='ocr_line' id='line_1_29' title="bbox 128 2953 1081 3034; baseline 0.001 -22"><span class='ocrx_word' id='word_1_205' title='bbox 128 2975 219 3031; x_wconf 89' lang='lat' dir='ltr'><strong>quem</strong></span> <span class='ocrx_word' id='word_1_206' title='bbox 230 2956 296 3034; x_wconf 91' lang='lat' dir='ltr'><strong>jam</strong></span> <span class='ocrx_word' id='word_1_207' title='bbox 312 2957 412 3015; x_wconf 86' lang='lat' dir='ltr'><strong>hostes</strong></span> <span class='ocrx_word' id='word_1_208' title='bbox 428 2956 607 3016; x_wconf 89' lang='lat' dir='ltr'><strong>insederant.</strong></span> <span class='ocrx_word' id='word_1_209' title='bbox 648 2957 727 3015; x_wconf 91' lang='lat' dir='ltr'><strong>Nam</strong></span> <span class='ocrx_word' id='word_1_210' title='bbox 742 2956 887 3027; x_wconf 85' lang='lat' dir='ltr'><strong>Britanni,</strong></span> <span class='ocrx_word' id='word_1_211' title='bbox 904 2955 977 3015; x_wconf 84' lang='lat' dir='ltr'><strong>nihil</strong></span> <span class='ocrx_word' id='word_1_212' title='bbox 993 2953 1081 3015; x_wconf 76' lang='lat' dir='ltr'><strong>fracti</strong></span> 
     </span>
     <span class='ocr_line' id='line_1_30' title="bbox 127 3051 1079 3139; baseline 0 -30"><span class='ocrx_word' id='word_1_213' title='bbox 127 3071 238 3130; x_wconf 86' lang='lat' dir='ltr'><strong>pugnae</strong></span> <span class='ocrx_word' id='word_1_214' title='bbox 254 3051 363 3131; x_wconf 84' lang='lat' dir='ltr'><strong>prioris</strong></span> <span class='ocrx_word' id='word_1_215' title='bbox 380 3067 496 3123; x_wconf 81' lang='lat' dir='ltr'><strong>eventu,</strong></span> <span class='ocrx_word' id='word_1_216' title='bbox 512 3066 543 3112; x_wconf 89' lang='lat' dir='ltr'><strong>et</strong></span> <span class='ocrx_word' id='word_1_217' title='bbox 559 3053 703 3139; x_wconf 79' lang='lat' dir='ltr'><strong>ultionem</strong></span> <span class='ocrx_word' id='word_1_218' title='bbox 720 3065 771 3112; x_wconf 87' lang='lat' dir='ltr'><strong>aut</strong></span> <span class='ocrx_word' id='word_1_219' title='bbox 786 3052 940 3112; x_wconf 87' lang='lat' dir='ltr'><strong>servitium</strong></span> <span class='ocrx_word' id='word_1_220' title='bbox 956 3069 1079 3132; x_wconf 88' lang='lat' dir='ltr'><strong>exspec-</strong></span> 
     </span>
     <span class='ocr_line' id='line_1_31' title="bbox 128 3136 1078 3229; baseline 0.005 -25"><span class='ocrx_word' id='word_1_221' title='bbox 128 3158 232 3217; x_wconf 88' lang='lat' dir='ltr'><strong>tantes,</strong></span> <span class='ocrx_word' id='word_1_222' title='bbox 249 3148 429 3227; x_wconf 91' lang='lat' dir='ltr'><strong>tandemque</strong></span> <span class='ocrx_word' id='word_1_223' title='bbox 452 3149 532 3208; x_wconf 92' lang='lat' dir='ltr'><strong>docti</strong></span> <span class='ocrx_word' id='word_1_224' title='bbox 556 3170 711 3215; x_wconf 86' lang='lat' dir='ltr'><strong>commune</strong></span> <span class='ocrx_word' id='word_1_225' title='bbox 733 3149 900 3229; x_wconf 88' lang='lat' dir='ltr'><strong>periculum</strong></span> <span class='ocrx_word' id='word_1_226' title='bbox 920 3136 1078 3209; x_wconf 71' lang='lat' dir='ltr'><strong>concordia</strong></span> 
     </span>
     <span class='ocr_line' id='line_1_32' title="bbox 127 3243 1078 3334; baseline 0.006 -35"><span class='ocrx_word' id='word_1_227' title='bbox 127 3243 372 3321; x_wconf 86' lang='lat' dir='ltr'><strong>propulsandum,</strong></span> <span class='ocrx_word' id='word_1_228' title='bbox 386 3244 583 3322; x_wconf 85' lang='lat' dir='ltr'><strong>legationibus</strong></span> <span class='ocrx_word' id='word_1_229' title='bbox 600 3259 631 3304; x_wconf 85' lang='lat' dir='ltr'><strong>et</strong></span> <span class='ocrx_word' id='word_1_230' title='bbox 647 3245 811 3334; x_wconf 71' lang='lat' dir='ltr'><strong>foederibus</strong></span> <span class='ocrx_word' id='word_1_231' title='bbox 829 3245 962 3305; x_wconf 92' lang='lat' dir='ltr'><strong>omnium</strong></span> <span class='ocrx_word' id='word_1_232' title='bbox 977 3243 1078 3305; x_wconf 76' lang='lat' dir='ltr'><strong>civita·</strong></span> 
     </span>
     <span class='ocr_line' id='line_1_33' title="bbox 128 3330 1082 3418; baseline 0.005 -22"><span class='ocrx_word' id='word_1_233' title='bbox 128 3350 192 3396; x_wconf 91' lang='lat' dir='ltr'><strong>tum</strong></span> <span class='ocrx_word' id='word_1_234' title='bbox 202 3338 280 3398; x_wconf 86' lang='lat' dir='ltr'><strong>vires</strong></span> <span class='ocrx_word' id='word_1_235' title='bbox 291 3340 470 3398; x_wconf 81' lang='lat' dir='ltr'><strong>exciverunt.</strong></span> <span class='ocrx_word' id='word_1_236' title='bbox 509 3340 640 3418; x_wconf 88' lang='lat' dir='ltr'><strong>Jamque</strong></span> <span class='ocrx_word' id='word_1_237' title='bbox 650 3361 742 3418; x_wconf 89' lang='lat' dir='ltr'><strong>super</strong></span> <span class='ocrx_word' id='word_1_238' title='bbox 753 3340 871 3418; x_wconf 85' lang='lat' dir='ltr'><strong>triginta</strong></span> <span class='ocrx_word' id='word_1_239' title='bbox 881 3340 974 3398; x_wconf 90' lang='lat' dir='ltr'><strong>millia</strong></span> <span class='ocrx_word' id='word_1_240' title='bbox 983 3330 1082 3401; x_wconf 39' lang='lat' dir='ltr'><strong>arma-¹</strong></span> 
     </span>
     <span class='ocr_line' id='line_1_34' title="bbox 128 3406 1079 3515; baseline 0.002 -25"><span class='ocrx_word' id='word_1_241' title='bbox 128 3443 226 3492; x_wconf 81' lang='lat' dir='ltr'><strong>torum</strong></span> <span class='ocrx_word' id='word_1_242' title='bbox 247 3406 474 3515; x_wconf 59' lang='lat' dir='ltr'><strong>mpffieBantur,</strong></span> <span class='ocrx_word' id='word_1_243' title='bbox 489 3450 519 3494; x_wconf 89' lang='lat' dir='ltr'><strong>et</strong></span> <span class='ocrx_word' id='word_1_244' title='bbox 541 3436 637 3494; x_wconf 89' lang='lat' dir='ltr'><strong>adhuc</strong></span> <span class='ocrx_word' id='word_1_245' title='bbox 659 3435 796 3493; x_wconf 88' lang='lat' dir='ltr'><strong>affluebat</strong></span> <span class='ocrx_word' id='word_1_246' title='bbox 818 3435 912 3494; x_wconf 89' lang='lat' dir='ltr'><strong>omnis</strong></span> <span class='ocrx_word' id='word_1_247' title='bbox 927 3435 1079 3512; x_wconf 70' lang='lat' dir='ltr'><strong>juventam,</strong></span> 
     </span>
     <span class='ocr_line' id='line_1_35' title="bbox 129 3530 1080 3611; baseline 0.005 -23"><span class='ocrx_word' id='word_1_248' title='bbox 129 3540 161 3588; x_wconf 88' lang='lat' dir='ltr'><strong>et</strong></span> <span class='ocrx_word' id='word_1_249' title='bbox 181 3531 288 3608; x_wconf 91' lang='lat' dir='ltr'><strong>quibus</strong></span> <span class='ocrx_word' id='word_1_250' title='bbox 310 3531 402 3592; x_wconf 89' lang='lat' dir='ltr'><strong>cruda</strong></span> <span class='ocrx_word' id='word_1_251' title='bbox 423 3551 458 3590; x_wconf 90' lang='lat' dir='ltr'><strong>ac</strong></span> <span class='ocrx_word' id='word_1_252' title='bbox 476 3531 578 3590; x_wconf 81' lang='lat' dir='ltr'><strong>viridis</strong></span> <span class='ocrx_word' id='word_1_253' title='bbox 600 3543 748 3601; x_wconf 88' lang='lat' dir='ltr'><strong>senectus,</strong></span> <span class='ocrx_word' id='word_1_254' title='bbox 766 3530 847 3611; x_wconf 55' lang='lat' dir='ltr'><strong>cleri</strong></span> <span class='ocrx_word' id='word_1_255' title='bbox 857 3530 949 3599; x_wconf 92' lang='lat' dir='ltr'><strong>bello,</strong></span> <span class='ocrx_word' id='word_1_256' title='bbox 970 3548 1004 3587; x_wconf 85' lang='lat' dir='ltr'><strong>ac</strong></span> <span class='ocrx_word' id='word_1_257' title='bbox 1023 3548 1080 3593; x_wconf 73' lang='lat' dir='ltr'><strong>tue</strong></span> 
     </span>
     <span class='ocr_line' id='line_1_36' title="bbox 129 3623 1081 3709; baseline -0.001 -21"><span class='ocrx_word' id='word_1_258' title='bbox 129 3625 257 3707; x_wconf 81' lang='lat' dir='ltr'><strong>quiaque</strong></span> <span class='ocrx_word' id='word_1_259' title='bbox 271 3627 382 3690; x_wconf 88' lang='lat' dir='ltr'><strong>decora</strong></span> <span class='ocrx_word' id='word_1_260' title='bbox 395 3640 561 3709; x_wconf 63' lang='lat' dir='ltr'><strong>gestantem</strong></span> <span class='ocrx_word' id='word_1_261' title='bbox 583 3647 651 3687; x_wconf 89' lang='lat' dir='ltr'><strong>cum</strong></span> <span class='ocrx_word' id='word_1_262' title='bbox 664 3626 742 3686; x_wconf 91' lang='lat' dir='ltr'><strong>inter</strong></span> <span class='ocrx_word' id='word_1_263' title='bbox 753 3626 856 3704; x_wconf 90' lang='lat' dir='ltr'><strong>plures</strong></span> <span class='ocrx_word' id='word_1_264' title='bbox 869 3624 962 3685; x_wconf 88' lang='lat' dir='ltr'><strong>duces</strong></span> <span class='ocrx_word' id='word_1_265' title='bbox 970 3623 1081 3687; x_wconf 84' lang='lat' dir='ltr'><strong>virtute</strong></span> 
     </span>
    </p>
   </div>
   <div class='ocr_carea' id='block_1_3' title="bbox 0 0 1205 4290">
    <p class='ocr_par' dir='ltr' id='par_1_3' title="bbox 0 0 1205 4290">
     <span class='ocr_line' id='line_1_37' title="bbox 0 0 1205 4290; baseline 0 0"><span class='ocrx_word' id='word_1_266' title='bbox 0 0 1205 4290; x_wconf 95' lang='lat' dir='ltr'><strong> </strong></span> 
     </span>
    </p>
   </div>
  </div>
 </body>
</html>
