<?xml version="1.0" encoding="UTF-8"?>
<!DOCTYPE html PUBLIC "-//W3C//DTD XHTML 1.0 Transitional//EN"
    "http://www.w3.org/TR/xhtml1/DTD/xhtml1-transitional.dtd">
<html xmlns="http://www.w3.org/1999/xhtml" xml:lang="en" lang="en">
 <head>
  <title>
</title>
<meta http-equiv="Content-Type" content="text/html;charset=utf-8" />
  <meta name='ocr-system' content='tesseract 3.04.00' />
  <meta name='ocr-capabilities' content='ocr_page ocr_carea ocr_par ocr_line ocrx_word'/>
</head>
<body>
  <div class='ocr_page' id='page_1' title='image "./germaniaandagri00boetgoog_0082.png"; bbox 0 0 2400 4290; ppageno 0'>
   <div class='ocr_carea' id='block_1_1' title="bbox 338 259 1090 320">
    <p class='ocr_par' dir='ltr' id='par_1_1' title="bbox 338 259 1090 320">
     <span class='ocr_line' id='line_1_1' title="bbox 338 259 1090 320; baseline -0.005 0"><span class='ocrx_word' id='word_1_1' title='bbox 338 279 378 320; x_wconf 73' lang='lat' dir='ltr'><strong>DF·</strong></span> <span class='ocrx_word' id='word_1_2' title='bbox 400 276 690 319; x_wconf 65' lang='lat' dir='ltr'><strong>anamma-car.</strong></span> <span class='ocrx_word' id='word_1_3' title='bbox 708 275 893 318; x_wconf 61' lang='lat' dir='ltr'><strong>xnvexuvl.</strong></span> <span class='ocrx_word' id='word_1_4' title='bbox 1049 259 1090 317; x_wconf 75' lang='lat'><strong>23</strong></span> 
     </span>
    </p>
   </div>
   <div class='ocr_carea' id='block_1_2' title="bbox 131 405 1145 1350">
    <p class='ocr_par' dir='ltr' id='par_1_2' title="bbox 131 405 1145 1350">
     <span class='ocr_line' id='line_1_2' title="bbox 139 405 1145 488; baseline -0.002 -20"><span class='ocrx_word' id='word_1_5' title='bbox 139 411 290 468; x_wconf 87' lang='lat' dir='ltr'><strong>olentem:</strong></span> <span class='ocrx_word' id='word_1_6' title='bbox 311 429 382 467; x_wconf 89' lang='lat' dir='ltr'><strong>mox</strong></span> <span class='ocrx_word' id='word_1_7' title='bbox 399 409 477 473; x_wconf 90' lang='lat' dir='ltr'><strong>utin</strong></span> <span class='ocrx_word' id='word_1_8' title='bbox 494 409 592 488; x_wconf 84' lang='lat' dir='ltr'>picem</span> <span class='ocrx_word' id='word_1_9' title='bbox 608 408 775 466; x_wconf 81' lang='lat' dir='ltr'><strong>resinamve</strong></span> <span class='ocrx_word' id='word_1_10' title='bbox 788 406 933 466; x_wconf 82' lang='lat' dir='ltr'><strong>lentescit.</strong></span> <span class='ocrx_word' id='word_1_11' title='bbox 974 405 1090 465; x_wconf 88' lang='lat' dir='ltr'><strong>Suioni·</strong></span> <span class='ocrx_word' id='word_1_12' title='bbox 1143 462 1145 466; x_wconf 81' lang='grc'>,</span> 
     </span>
     <span class='ocr_line' id='line_1_3' title="bbox 138 502 1090 583; baseline -0.003 -20"><span class='ocrx_word' id='word_1_13' title='bbox 138 506 195 564; x_wconf 91' lang='lat' dir='ltr'><strong>bus</strong></span> <span class='ocrx_word' id='word_1_14' title='bbox 217 506 353 566; x_wconf 88' lang='lat' dir='ltr'><strong>Sitonum</strong></span> <span class='ocrx_word' id='word_1_15' title='bbox 376 518 479 583; x_wconf 81' lang='lat' dir='ltr'><strong>gentes</strong></span> <span class='ocrx_word' id='word_1_16' title='bbox 502 505 720 563; x_wconf 84' lang='lat' dir='ltr'><strong>continuantur.</strong></span> <span class='ocrx_word' id='word_1_17' title='bbox 765 503 875 561; x_wconf 83' lang='lat' dir='ltr'><strong>Cetera</strong></span> <span class='ocrx_word' id='word_1_18' title='bbox 895 502 1007 560; x_wconf 90' lang='lat' dir='ltr'><strong>similes</strong></span> <span class='ocrx_word' id='word_1_19' title='bbox 1030 522 1090 560; x_wconf 92' lang='lat' dir='ltr'><strong>uno</strong></span> 
     </span>
     <span class='ocr_line' id='line_1_4' title="bbox 131 597 1090 679; baseline -0.003 -20"><span class='ocrx_word' id='word_1_20' title='bbox 131 601 288 673; x_wconf 83' lang='lat' dir='ltr'><strong>differunt,</strong></span> <span class='ocrx_word' id='word_1_21' title='bbox 299 601 380 679; x_wconf 92' lang='lat' dir='ltr'><strong>quod</strong></span> <span class='ocrx_word' id='word_1_22' title='bbox 389 601 501 659; x_wconf 85' lang='lat' dir='ltr'><strong>femina</strong></span> <span class='ocrx_word' id='word_1_23' title='bbox 515 599 700 658; x_wconf 86' lang='lat' dir='ltr'><strong>dominatur:</strong></span> <span class='ocrx_word' id='word_1_24' title='bbox 722 599 753 656; x_wconf 94' lang='lat' dir='ltr'><strong>in</strong></span> <span class='ocrx_word' id='word_1_25' title='bbox 767 612 882 657; x_wconf 89' lang='lat' dir='ltr'><strong>tantum</strong></span> <span class='ocrx_word' id='word_1_26' title='bbox 896 618 953 655; x_wconf 92' lang='lat' dir='ltr'><strong>non</strong></span> <span class='ocrx_word' id='word_1_27' title='bbox 968 597 1057 655; x_wconf 92' lang='lat' dir='ltr'><strong>modo</strong></span> <span class='ocrx_word' id='word_1_28' title='bbox 1072 617 1090 656; x_wconf 90' lang='lat' dir='ltr'><strong>a</strong></span> 
     </span>
     <span class='ocr_line' id='line_1_5' title="bbox 137 693 1090 774; baseline -0.001 -21"><span class='ocrx_word' id='word_1_29' title='bbox 137 697 274 756; x_wconf 86' lang='lat' dir='ltr'><strong>libertate</strong></span> <span class='ocrx_word' id='word_1_30' title='bbox 291 696 345 755; x_wconf 86' lang='lat' dir='ltr'><strong>sed</strong></span> <span class='ocrx_word' id='word_1_31' title='bbox 362 696 452 755; x_wconf 91' lang='lat' dir='ltr'><strong>etiam</strong></span> <span class='ocrx_word' id='word_1_32' title='bbox 470 717 488 754; x_wconf 89' lang='lat' dir='ltr'><strong>a</strong></span> <span class='ocrx_word' id='word_1_33' title='bbox 503 695 645 754; x_wconf 86' lang='lat' dir='ltr'><strong>servitute</strong></span> <span class='ocrx_word' id='word_1_34' title='bbox 662 694 851 774; x_wconf 89' lang='lat' dir='ltr'><strong>degenerant.</strong></span> <span class='ocrx_word' id='word_1_35' title='bbox 891 693 952 752; x_wconf 93' lang='lat' dir='ltr'><strong>Hic</strong></span> <span class='ocrx_word' id='word_1_36' title='bbox 970 693 1090 752; x_wconf 84' lang='lat' dir='ltr'><strong>Sueviae</strong></span> 
     </span>
     <span class='ocr_line' id='line_1_6' title="bbox 137 792 1008 867; baseline 0 -18"><span class='ocrx_word' id='word_1_37' title='bbox 137 792 213 850; x_wconf 87' lang='lat' dir='ltr'><strong>finis.</strong></span> <span class='ocrx_word' id='word_1_38' title='bbox 1000 860 1008 867; x_wconf 47' lang='grc'><strong>,</strong></span> 
     </span>
     <span class='ocr_line' id='line_1_7' title="bbox 177 880 1089 966; baseline -0.001 -19"><span class='ocrx_word' id='word_1_39' title='bbox 177 889 296 948; x_wconf 91' lang='lat' dir='ltr'>XLVI.</span> <span class='ocrx_word' id='word_1_40' title='bbox 318 887 520 947; x_wconf 81' lang='lat' dir='ltr'><strong>Peucinorum</strong></span> <span class='ocrx_word' id='word_1_41' title='bbox 533 880 790 966; x_wconf 77' lang='lat' dir='ltr'><strong>Venedorumque</strong></span> <span class='ocrx_word' id='word_1_42' title='bbox 807 900 837 945; x_wconf 89' lang='lat' dir='ltr'><strong>et</strong></span> <span class='ocrx_word' id='word_1_43' title='bbox 850 887 1021 945; x_wconf 86' lang='lat' dir='ltr'><strong>Fennorum</strong></span> <span class='ocrx_word' id='word_1_44' title='bbox 1037 907 1089 946; x_wconf 89' lang='lat' dir='ltr'><strong>na·</strong></span> 
     </span>
     <span class='ocr_line' id='line_1_8' title="bbox 138 983 1088 1060; baseline 0.001 -20"><span class='ocrx_word' id='word_1_45' title='bbox 138 983 237 1042; x_wconf 90' lang='lat' dir='ltr'><strong>tiones</strong></span> <span class='ocrx_word' id='word_1_46' title='bbox 254 983 414 1043; x_wconf 86' lang='lat' dir='ltr'><strong>Germanis</strong></span> <span class='ocrx_word' id='word_1_47' title='bbox 438 1004 476 1042; x_wconf 92' lang='lat' dir='ltr'><strong>an</strong></span> <span class='ocrx_word' id='word_1_48' title='bbox 492 983 634 1042; x_wconf 87' lang='lat' dir='ltr'><strong>Sarmatis</strong></span> <span class='ocrx_word' id='word_1_49' title='bbox 656 983 833 1053; x_wconf 83' lang='lat' dir='ltr'><strong>adscribam,</strong></span> <span class='ocrx_word' id='word_1_50' title='bbox 854 983 965 1053; x_wconf 91' lang='lat' dir='ltr'><strong>dubito,</strong></span> <span class='ocrx_word' id='word_1_51' title='bbox 987 1004 1088 1060; x_wconf 91' lang='lat' dir='ltr'><strong>quam·</strong></span> 
     </span>
     <span class='ocr_line' id='line_1_9' title="bbox 137 1064 1089 1157; baseline 0.001 -21"><span class='ocrx_word' id='word_1_52' title='bbox 137 1100 226 1157; x_wconf 90' lang='lat' dir='ltr'><strong>quam</strong></span> <span class='ocrx_word' id='word_1_53' title='bbox 247 1079 383 1150; x_wconf 89' lang='lat' dir='ltr'><strong>Peucini,</strong></span> <span class='ocrx_word' id='word_1_54' title='bbox 401 1099 475 1156; x_wconf 90' lang='lat' dir='ltr'><strong>quos</strong></span> <span class='ocrx_word' id='word_1_55' title='bbox 496 1079 616 1157; x_wconf 92' lang='lat' dir='ltr'><strong>quidam</strong></span> <span class='ocrx_word' id='word_1_56' title='bbox 634 1064 792 1142; x_wconf 79' lang='lat' dir='ltr'><strong>Bastardas</strong></span> <span class='ocrx_word' id='word_1_57' title='bbox 807 1091 923 1149; x_wconf 85' lang='lat' dir='ltr'><strong>vocant,</strong></span> <span class='ocrx_word' id='word_1_58' title='bbox 941 1099 1089 1150; x_wconf 85' lang='lat' dir='ltr'><strong>sermone,</strong></span> 
     </span>
     <span class='ocr_line' id='line_1_10' title="bbox 138 1174 1089 1253; baseline 0.001 -21"><span class='ocrx_word' id='word_1_59' title='bbox 138 1177 229 1244; x_wconf 89' lang='lat' dir='ltr'><strong>cultu,</strong></span> <span class='ocrx_word' id='word_1_60' title='bbox 239 1175 311 1234; x_wconf 91' lang='lat' dir='ltr'><strong>sede</strong></span> <span class='ocrx_word' id='word_1_61' title='bbox 323 1194 358 1233; x_wconf 88' lang='lat' dir='ltr'><strong>ac</strong></span> <span class='ocrx_word' id='word_1_62' title='bbox 368 1175 528 1234; x_wconf 84' lang='lat' dir='ltr'><strong>domiciliis</strong></span> <span class='ocrx_word' id='word_1_63' title='bbox 538 1188 572 1233; x_wconf 90' lang='lat' dir='ltr'><strong>ut</strong></span> <span class='ocrx_word' id='word_1_64' title='bbox 582 1175 726 1233; x_wconf 85' lang='lat' dir='ltr'><strong>Germani</strong></span> <span class='ocrx_word' id='word_1_65' title='bbox 738 1186 836 1253; x_wconf 89' lang='lat' dir='ltr'><strong>agunt.</strong></span> <span class='ocrx_word' id='word_1_66' title='bbox 874 1174 984 1233; x_wconf 89' lang='lat' dir='ltr'><strong>Sordes</strong></span> <span class='ocrx_word' id='word_1_67' title='bbox 998 1175 1089 1233; x_wconf 88' lang='lat' dir='ltr'><strong>omni·</strong></span> 
     </span>
     <span class='ocr_line' id='line_1_11' title="bbox 137 1270 1089 1350; baseline 0.001 -22"><span class='ocrx_word' id='word_1_68' title='bbox 137 1291 189 1328; x_wconf 91' lang='lat' dir='ltr'><strong>um</strong></span> <span class='ocrx_word' id='word_1_69' title='bbox 201 1291 235 1328; x_wconf 90' lang='lat' dir='ltr'><strong>ac</strong></span> <span class='ocrx_word' id='word_1_70' title='bbox 245 1282 362 1350; x_wconf 91' lang='lat' dir='ltr'><strong>torpor:</strong></span> <span class='ocrx_word' id='word_1_71' title='bbox 379 1291 546 1349; x_wconf 83' lang='lat' dir='ltr'><strong>procerum</strong></span> <span class='ocrx_word' id='word_1_72' title='bbox 555 1271 709 1329; x_wconf 91' lang='lat' dir='ltr'><strong>connubiis</strong></span> <span class='ocrx_word' id='word_1_73' title='bbox 722 1271 824 1329; x_wconf 86' lang='lat' dir='ltr'><strong>mixtis</strong></span> <span class='ocrx_word' id='word_1_74' title='bbox 834 1270 967 1329; x_wconf 88' lang='lat' dir='ltr'><strong>nonnihil</strong></span> <span class='ocrx_word' id='word_1_75' title='bbox 979 1270 1009 1328; x_wconf 92' lang='lat' dir='ltr'><strong>in</strong></span> <span class='ocrx_word' id='word_1_76' title='bbox 1021 1270 1089 1329; x_wconf 87' lang='lat' dir='ltr'><strong>Sar·</strong></span> 
     </span>
    </p>
   </div>
   <div class='ocr_carea' id='block_1_3' title="bbox 57 1365 1185 1451">
    <p class='ocr_par' dir='ltr' id='par_1_3' title="bbox 57 1365 1185 1451">
     <span class='ocr_line' id='line_1_12' title="bbox 57 1365 1185 1451; baseline 0.004 -29"><span class='ocrx_word' id='word_1_77' title='bbox 57 1441 61 1451; x_wconf 29' lang='grc' dir='ltr'>Ι</span> <span class='ocrx_word' id='word_1_78' title='bbox 137 1378 284 1424; x_wconf 88' lang='lat' dir='ltr'><strong>matarum</strong></span> <span class='ocrx_word' id='word_1_79' title='bbox 294 1366 426 1424; x_wconf 91' lang='lat' dir='ltr'><strong>habitum</strong></span> <span class='ocrx_word' id='word_1_80' title='bbox 436 1365 589 1424; x_wconf 85' lang='lat' dir='ltr'><strong>foedantur.</strong></span> <span class='ocrx_word' id='word_1_81' title='bbox 632 1366 750 1424; x_wconf 86' lang='lat' dir='ltr'><strong>Venedi</strong></span> <span class='ocrx_word' id='word_1_82' title='bbox 762 1367 887 1425; x_wconf 90' lang='lat' dir='ltr'><strong>multum</strong></span> <span class='ocrx_word' id='word_1_83' title='bbox 902 1386 941 1425; x_wconf 83' lang='lat' dir='ltr'><strong>ex</strong></span> <span class='ocrx_word' id='word_1_84' title='bbox 955 1366 1090 1426; x_wconf 90' lang='lat' dir='ltr'><strong>moribus</strong></span> <span class='ocrx_word' id='word_1_85' title='bbox 1181 1429 1185 1432; x_wconf 65' lang='grc'>,</span> 
     </span>
    </p>
   </div>
   <div class='ocr_carea' id='block_1_4' title="bbox 135 1461 1160 3356">
    <p class='ocr_par' dir='ltr' id='par_1_4' title="bbox 135 1461 1160 3356">
     <span class='ocr_line' id='line_1_13' title="bbox 136 1461 1089 1539; baseline 0.001 -21"><span class='ocrx_word' id='word_1_86' title='bbox 136 1472 297 1519; x_wconf 87' lang='lat' dir='ltr'><strong>traxerunt.</strong></span> <span class='ocrx_word' id='word_1_87' title='bbox 337 1461 418 1520; x_wconf 90' lang='lat' dir='ltr'><strong>Nam</strong></span> <span class='ocrx_word' id='word_1_88' title='bbox 433 1461 578 1539; x_wconf 90' lang='lat' dir='ltr'><strong>quidquid</strong></span> <span class='ocrx_word' id='word_1_89' title='bbox 591 1461 670 1519; x_wconf 89' lang='lat' dir='ltr'><strong>inter</strong></span> <span class='ocrx_word' id='word_1_90' title='bbox 683 1462 833 1520; x_wconf 90' lang='lat' dir='ltr'><strong>Peucinos</strong></span> <span class='ocrx_word' id='word_1_91' title='bbox 848 1461 1026 1539; x_wconf 87' lang='lat' dir='ltr'><strong>Fennosque</strong></span> <span class='ocrx_word' id='word_1_92' title='bbox 1040 1461 1089 1520; x_wconf 90' lang='lat' dir='ltr'><strong>sil-</strong></span> 
     </span>
     <span class='ocr_line' id='line_1_14' title="bbox 136 1557 1089 1635; baseline 0.004 -23"><span class='ocrx_word' id='word_1_93' title='bbox 136 1574 240 1614; x_wconf 79' lang='lat' dir='ltr'><strong>varum</strong></span> <span class='ocrx_word' id='word_1_94' title='bbox 251 1577 285 1615; x_wconf 88' lang='lat' dir='ltr'><strong>ac</strong></span> <span class='ocrx_word' id='word_1_95' title='bbox 293 1558 438 1615; x_wconf 87' lang='lat' dir='ltr'><strong>montium</strong></span> <span class='ocrx_word' id='word_1_96' title='bbox 450 1557 580 1635; x_wconf 88' lang='lat' dir='ltr'><strong>erigitur,</strong></span> <span class='ocrx_word' id='word_1_97' title='bbox 589 1557 751 1615; x_wconf 89' lang='lat' dir='ltr'><strong>latrociniis</strong></span> <span class='ocrx_word' id='word_1_98' title='bbox 760 1570 929 1635; x_wconf 87' lang='lat' dir='ltr'><strong>pererrant:</strong></span> <span class='ocrx_word' id='word_1_99' title='bbox 947 1557 978 1614; x_wconf 93' lang='lat' dir='ltr'><strong>hi</strong></span> <span class='ocrx_word' id='word_1_100' title='bbox 989 1570 1089 1616; x_wconf 91' lang='lat' dir='ltr'><strong>tamen</strong></span> 
     </span>
     <span class='ocr_line' id='line_1_15' title="bbox 137 1649 1091 1731; baseline 0.004 -24"><span class='ocrx_word' id='word_1_101' title='bbox 137 1649 214 1709; x_wconf 90' lang='lat' dir='ltr'><strong>inter</strong></span> <span class='ocrx_word' id='word_1_102' title='bbox 224 1652 389 1711; x_wconf 85' lang='lat' dir='ltr'><strong>Germanos</strong></span> <span class='ocrx_word' id='word_1_103' title='bbox 398 1653 496 1731; x_wconf 91' lang='lat' dir='ltr'><strong>potius</strong></span> <span class='ocrx_word' id='word_1_104' title='bbox 510 1652 686 1721; x_wconf 81' lang='lat' dir='ltr'><strong>referuntur,</strong></span> <span class='ocrx_word' id='word_1_105' title='bbox 698 1653 769 1728; x_wconf 89' lang='lat' dir='ltr'><strong>quia</strong></span> <span class='ocrx_word' id='word_1_106' title='bbox 780 1665 810 1710; x_wconf 90' lang='lat' dir='ltr'><strong>et</strong></span> <span class='ocrx_word' id='word_1_107' title='bbox 820 1652 925 1710; x_wconf 90' lang='lat' dir='ltr'><strong>domos</strong></span> <span class='ocrx_word' id='word_1_108' title='bbox 934 1652 1049 1730; x_wconf 81' lang='lat' dir='ltr'><strong>lingunt</strong></span> <span class='ocrx_word' id='word_1_109' title='bbox 1060 1665 1091 1712; x_wconf 88' lang='lat' dir='ltr'><strong>et</strong></span> 
     </span>
     <span class='ocr_line' id='line_1_16' title="bbox 136 1746 1090 1827; baseline 0.004 -24"><span class='ocrx_word' id='word_1_110' title='bbox 136 1759 219 1805; x_wconf 88' lang='lat' dir='ltr'><strong>scuta</strong></span> <span class='ocrx_word' id='word_1_111' title='bbox 232 1761 350 1825; x_wconf 90' lang='lat' dir='ltr'><strong>gestant</strong></span> <span class='ocrx_word' id='word_1_112' title='bbox 363 1761 393 1807; x_wconf 90' lang='lat' dir='ltr'><strong>et</strong></span> <span class='ocrx_word' id='word_1_113' title='bbox 402 1748 538 1827; x_wconf 90' lang='lat' dir='ltr'><strong>peditum</strong></span> <span class='ocrx_word' id='word_1_114' title='bbox 548 1767 605 1805; x_wconf 89' lang='lat' dir='ltr'><strong>usu</strong></span> <span class='ocrx_word' id='word_1_115' title='bbox 620 1767 655 1805; x_wconf 87' lang='lat' dir='ltr'><strong>ac</strong></span> <span class='ocrx_word' id='word_1_116' title='bbox 665 1746 842 1825; x_wconf 86' lang='lat' dir='ltr'><strong>pernicitate</strong></span> <span class='ocrx_word' id='word_1_117' title='bbox 857 1747 1004 1825; x_wconf 70' lang='lat' dir='ltr'><strong>gaudent:</strong></span> <span class='ocrx_word' id='word_1_118' title='bbox 1022 1768 1090 1825; x_wconf 80' lang='lat' dir='ltr'><strong>quae</strong></span> 
     </span>
     <span class='ocr_line' id='line_1_17' title="bbox 137 1835 1089 1920; baseline 0.003 -23"><span class='ocrx_word' id='word_1_119' title='bbox 137 1843 236 1900; x_wconf 89' lang='lat' dir='ltr'><strong>omnia</strong></span> <span class='ocrx_word' id='word_1_120' title='bbox 250 1843 369 1902; x_wconf 86' lang='lat' dir='ltr'><strong>diversa</strong></span> <span class='ocrx_word' id='word_1_121' title='bbox 380 1844 524 1902; x_wconf 89' lang='lat' dir='ltr'><strong>Sarmatis</strong></span> <span class='ocrx_word' id='word_1_122' title='bbox 538 1856 614 1913; x_wconf 91' lang='lat' dir='ltr'><strong>sunt,</strong></span> <span class='ocrx_word' id='word_1_123' title='bbox 626 1843 656 1899; x_wconf 92' lang='lat' dir='ltr'><strong>in</strong></span> <span class='ocrx_word' id='word_1_124' title='bbox 670 1843 802 1920; x_wconf 92' lang='lat' dir='ltr'><strong>plaustro</strong></span> <span class='ocrx_word' id='word_1_125' title='bbox 816 1863 954 1920; x_wconf 86' lang='lat' dir='ltr'><strong>equoque</strong></span> <span class='ocrx_word' id='word_1_126' title='bbox 966 1835 1089 1904; x_wconf 59' lang='lat' dir='ltr'><strong>viventi·</strong></span> 
     </span>
     <span class='ocr_line' id='line_1_18' title="bbox 135 1937 1090 2016; baseline 0.004 -21"><span class='ocrx_word' id='word_1_127' title='bbox 135 1937 200 1996; x_wconf 92' lang='lat' dir='ltr'><strong>bus.</strong></span> <span class='ocrx_word' id='word_1_128' title='bbox 242 1938 354 1997; x_wconf 89' lang='lat' dir='ltr'><strong>Fennis</strong></span> <span class='ocrx_word' id='word_1_129' title='bbox 365 1940 439 1999; x_wconf 88' lang='lat' dir='ltr'><strong>mira</strong></span> <span class='ocrx_word' id='word_1_130' title='bbox 450 1939 558 2008; x_wconf 85' lang='lat' dir='ltr'><strong>feritas,</strong></span> <span class='ocrx_word' id='word_1_131' title='bbox 569 1937 649 1996; x_wconf 82' lang='lat' dir='ltr'><strong>foeda</strong></span> <span class='ocrx_word' id='word_1_132' title='bbox 657 1953 819 2016; x_wconf 88' lang='lat' dir='ltr'><strong>paupertas</strong></span> <span class='ocrx_word' id='word_1_133' title='bbox 831 1961 837 1997; x_wconf 97' lang='lat'><strong>:</strong></span> <span class='ocrx_word' id='word_1_134' title='bbox 858 1959 918 1996; x_wconf 90' lang='lat' dir='ltr'><strong>non</strong></span> <span class='ocrx_word' id='word_1_135' title='bbox 929 1959 1019 2010; x_wconf 88' lang='lat' dir='ltr'><strong>arma,</strong></span> <span class='ocrx_word' id='word_1_136' title='bbox 1030 1959 1090 1999; x_wconf 89' lang='lat' dir='ltr'><strong>non</strong></span> 
     </span>
     <span class='ocr_line' id='line_1_19' title="bbox 137 2028 1090 2114; baseline 0.002 -22"><span class='ocrx_word' id='word_1_137' title='bbox 137 2033 217 2111; x_wconf 91' lang='lat' dir='ltr'><strong>equi,</strong></span> <span class='ocrx_word' id='word_1_138' title='bbox 237 2055 297 2093; x_wconf 92' lang='lat' dir='ltr'><strong>non</strong></span> <span class='ocrx_word' id='word_1_139' title='bbox 317 2048 459 2114; x_wconf 90' lang='lat' dir='ltr'><strong>penates:</strong></span> <span class='ocrx_word' id='word_1_140' title='bbox 485 2034 579 2093; x_wconf 89' lang='lat' dir='ltr'><strong>victui</strong></span> <span class='ocrx_word' id='word_1_141' title='bbox 599 2035 701 2104; x_wconf 85' lang='lat' dir='ltr'><strong>herba,</strong></span> <span class='ocrx_word' id='word_1_142' title='bbox 723 2034 842 2093; x_wconf 90' lang='lat' dir='ltr'><strong>vestitui</strong></span> <span class='ocrx_word' id='word_1_143' title='bbox 862 2028 970 2113; x_wconf 90' lang='lat' dir='ltr'><strong>pelles,</strong></span> <span class='ocrx_word' id='word_1_144' title='bbox 992 2035 1090 2095; x_wconf 89' lang='lat' dir='ltr'><strong>cubile</strong></span> 
     </span>
     <span class='ocr_line' id='line_1_20' title="bbox 136 2129 1090 2209; baseline 0.004 -24"><span class='ocrx_word' id='word_1_145' title='bbox 136 2130 263 2188; x_wconf 87' lang='lat' dir='ltr'><strong>humus:</strong></span> <span class='ocrx_word' id='word_1_146' title='bbox 287 2133 355 2189; x_wconf 79' lang='lat' dir='ltr'><strong>sola‘</strong></span> <span class='ocrx_word' id='word_1_147' title='bbox 370 2131 402 2189; x_wconf 91' lang='lat' dir='ltr'><strong>in</strong></span> <span class='ocrx_word' id='word_1_148' title='bbox 422 2130 539 2209; x_wconf 88' lang='lat' dir='ltr'><strong>sagittis</strong></span> <span class='ocrx_word' id='word_1_149' title='bbox 560 2150 638 2207; x_wconf 89' lang='lat' dir='ltr'><strong>spes,</strong></span> <span class='ocrx_word' id='word_1_150' title='bbox 656 2149 737 2207; x_wconf 93' lang='lat' dir='ltr'><strong>quas,</strong></span> <span class='ocrx_word' id='word_1_151' title='bbox 754 2129 854 2208; x_wconf 91' lang='lat' dir='ltr'><strong>inopia</strong></span> <span class='ocrx_word' id='word_1_152' title='bbox 873 2129 955 2200; x_wconf 86' lang='lat' dir='ltr'><strong>ferri,</strong></span> <span class='ocrx_word' id='word_1_153' title='bbox 975 2131 1090 2189; x_wconf 87' lang='lat' dir='ltr'><strong>ossibus</strong></span> 
     </span>
     <span class='ocr_line' id='line_1_21' title="bbox 136 2212 1090 2304; baseline 0.005 -23"><span class='ocrx_word' id='word_1_154' title='bbox 136 2212 289 2302; x_wconf 83' lang='lat' dir='ltr'><strong>asperent:</strong></span> <span class='ocrx_word' id='word_1_155' title='bbox 312 2226 452 2303; x_wconf 89' lang='lat' dir='ltr'><strong>idemque</strong></span> <span class='ocrx_word' id='word_1_156' title='bbox 465 2239 590 2284; x_wconf 84' lang='lat' dir='ltr'><strong>venatus</strong></span> <span class='ocrx_word' id='word_1_157' title='bbox 603 2225 682 2283; x_wconf 84' lang='lat' dir='ltr'><strong>viros</strong></span> <span class='ocrx_word' id='word_1_158' title='bbox 699 2225 814 2304; x_wconf 89' lang='lat' dir='ltr'><strong>pariter</strong></span> <span class='ocrx_word' id='word_1_159' title='bbox 834 2246 868 2284; x_wconf 89' lang='lat' dir='ltr'><strong>ac</strong></span> <span class='ocrx_word' id='word_1_160' title='bbox 884 2226 1009 2285; x_wconf 87' lang='lat' dir='ltr'><strong>feminas</strong></span> <span class='ocrx_word' id='word_1_161' title='bbox 1031 2227 1090 2286; x_wconf 87' lang='lat' dir='ltr'><strong>alit.</strong></span> 
     </span>
     <span class='ocr_line' id='line_1_22' title="bbox 136 2318 1090 2400; baseline 0.006 -25"><span class='ocrx_word' id='word_1_162' title='bbox 136 2318 255 2377; x_wconf 87' lang='lat' dir='ltr'><strong>Passim</strong></span> <span class='ocrx_word' id='word_1_163' title='bbox 269 2320 349 2378; x_wconf 88' lang='lat' dir='ltr'><strong>enim</strong></span> <span class='ocrx_word' id='word_1_164' title='bbox 363 2321 549 2390; x_wconf 87' lang='lat' dir='ltr'><strong>comitantur,</strong></span> <span class='ocrx_word' id='word_1_165' title='bbox 559 2333 735 2399; x_wconf 87' lang='lat' dir='ltr'><strong>partemque</strong></span> <span class='ocrx_word' id='word_1_166' title='bbox 747 2320 858 2399; x_wconf 86' lang='lat' dir='ltr'><strong>praedae</strong></span> <span class='ocrx_word' id='word_1_167' title='bbox 869 2333 984 2400; x_wconf 89' lang='lat' dir='ltr'><strong>petunt.</strong></span> <span class='ocrx_word' id='word_1_168' title='bbox 1022 2322 1090 2381; x_wconf 86' lang='lat' dir='ltr'><strong>Nec</strong></span> 
     </span>
     <span class='ocr_line' id='line_1_23' title="bbox 137 2414 1091 2494; baseline 0.004 -23"><span class='ocrx_word' id='word_1_169' title='bbox 137 2414 218 2473; x_wconf 89' lang='lat' dir='ltr'><strong>aliud</strong></span> <span class='ocrx_word' id='word_1_170' title='bbox 234 2415 392 2475; x_wconf 83' lang='lat' dir='ltr'><strong>infantibus</strong></span> <span class='ocrx_word' id='word_1_171' title='bbox 403 2417 533 2475; x_wconf 88' lang='lat' dir='ltr'><strong>ferarum</strong></span> <span class='ocrx_word' id='word_1_172' title='bbox 546 2417 745 2493; x_wconf 90' lang='lat' dir='ltr'><strong>imbriumque</strong></span> <span class='ocrx_word' id='word_1_173' title='bbox 769 2416 940 2494; x_wconf 88' lang='lat' dir='ltr'><strong>suffugium,</strong></span> <span class='ocrx_word' id='word_1_174' title='bbox 953 2437 1041 2494; x_wconf 91' lang='lat' dir='ltr'><strong>quam</strong></span> <span class='ocrx_word' id='word_1_175' title='bbox 1057 2428 1091 2475; x_wconf 92' lang='lat' dir='ltr'><strong>ut</strong></span> 
     </span>
     <span class='ocr_line' id='line_1_24' title="bbox 136 2509 1090 2590; baseline 0.003 -24"><span class='ocrx_word' id='word_1_176' title='bbox 136 2509 167 2566; x_wconf 92' lang='lat' dir='ltr'><strong>in</strong></span> <span class='ocrx_word' id='word_1_177' title='bbox 182 2511 282 2588; x_wconf 90' lang='lat' dir='ltr'><strong>aliquo</strong></span> <span class='ocrx_word' id='word_1_178' title='bbox 295 2531 447 2570; x_wconf 89' lang='lat' dir='ltr'><strong>ramorum</strong></span> <span class='ocrx_word' id='word_1_179' title='bbox 460 2533 541 2571; x_wconf 89' lang='lat' dir='ltr'><strong>nexu</strong></span> <span class='ocrx_word' id='word_1_180' title='bbox 555 2522 768 2590; x_wconf 80' lang='lat' dir='ltr'><strong>contegantur:</strong></span> <span class='ocrx_word' id='word_1_181' title='bbox 789 2513 849 2570; x_wconf 91' lang='lat' dir='ltr'><strong>huc</strong></span> <span class='ocrx_word' id='word_1_182' title='bbox 866 2512 994 2570; x_wconf 89' lang='lat' dir='ltr'><strong>redeunt</strong></span> <span class='ocrx_word' id='word_1_183' title='bbox 1002 2513 1090 2590; x_wconf 87' lang='lat' dir='ltr'><strong>juve·</strong></span> 
     </span>
     <span class='ocr_line' id='line_1_25' title="bbox 136 2607 1091 2686; baseline 0 -23"><span class='ocrx_word' id='word_1_184' title='bbox 136 2626 199 2675; x_wconf 90' lang='lat' dir='ltr'><strong>nes,</strong></span> <span class='ocrx_word' id='word_1_185' title='bbox 215 2607 272 2664; x_wconf 89' lang='lat' dir='ltr'><strong>hoc</strong></span> <span class='ocrx_word' id='word_1_186' title='bbox 291 2628 398 2666; x_wconf 89' lang='lat' dir='ltr'><strong>senum</strong></span> <span class='ocrx_word' id='word_1_187' title='bbox 418 2609 651 2686; x_wconf 87' lang='lat' dir='ltr'><strong>receptaculum.</strong></span> <span class='ocrx_word' id='word_1_188' title='bbox 693 2607 756 2666; x_wconf 83' lang='lat' dir='ltr'><strong>Sed</strong></span> <span class='ocrx_word' id='word_1_189' title='bbox 772 2607 890 2665; x_wconf 89' lang='lat' dir='ltr'><strong>beatius</strong></span> <span class='ocrx_word' id='word_1_190' title='bbox 911 2607 1091 2665; x_wconf 88' lang='lat' dir='ltr'><strong>arbitrantur</strong></span> 
     </span>
     <span class='ocr_line' id='line_1_26' title="bbox 138 2701 1090 2782; baseline 0.003 -25"><span class='ocrx_word' id='word_1_191' title='bbox 138 2721 227 2776; x_wconf 91' lang='lat' dir='ltr'><strong>quam</strong></span> <span class='ocrx_word' id='word_1_192' title='bbox 236 2702 390 2780; x_wconf 84' lang='lat' dir='ltr'><strong>ingemere</strong></span> <span class='ocrx_word' id='word_1_193' title='bbox 405 2704 492 2782; x_wconf 87' lang='lat' dir='ltr'><strong>agris,</strong></span> <span class='ocrx_word' id='word_1_194' title='bbox 503 2701 668 2763; x_wconf 89' lang='lat' dir='ltr'><strong>inlaborare</strong></span> <span class='ocrx_word' id='word_1_195' title='bbox 680 2703 827 2770; x_wconf 88' lang='lat' dir='ltr'><strong>domibus,</strong></span> <span class='ocrx_word' id='word_1_196' title='bbox 839 2722 906 2760; x_wconf 91' lang='lat' dir='ltr'><strong>suas</strong></span> <span class='ocrx_word' id='word_1_197' title='bbox 918 2702 1090 2779; x_wconf 88' lang='lat' dir='ltr'><strong>alienasque</strong></span> 
     </span>
     <span class='ocr_line' id='line_1_27' title="bbox 136 2796 1089 2877; baseline 0.004 -25"><span class='ocrx_word' id='word_1_198' title='bbox 136 2796 270 2856; x_wconf 87' lang='lat' dir='ltr'><strong>fortunas</strong></span> <span class='ocrx_word' id='word_1_199' title='bbox 284 2819 337 2876; x_wconf 85' lang='lat' dir='ltr'><strong>spo</strong></span> <span class='ocrx_word' id='word_1_200' title='bbox 351 2812 493 2877; x_wconf 90' lang='lat' dir='ltr'><strong>metuque</strong></span> <span class='ocrx_word' id='word_1_201' title='bbox 507 2820 637 2859; x_wconf 84' lang='lat' dir='ltr'><strong>versare.</strong></span> <span class='ocrx_word' id='word_1_202' title='bbox 676 2797 782 2877; x_wconf 76' lang='lat' dir='ltr'><strong>Securi</strong></span> <span class='ocrx_word' id='word_1_203' title='bbox 794 2798 935 2856; x_wconf 85' lang='lat' dir='ltr'><strong>adversus</strong></span> <span class='ocrx_word' id='word_1_204' title='bbox 946 2797 1089 2869; x_wconf 85' lang='lat' dir='ltr'><strong>homines,</strong></span> 
     </span>
     <span class='ocr_line' id='line_1_28' title="bbox 137 2892 1160 2969; baseline 0.006 -21"><span class='ocrx_word' id='word_1_205' title='bbox 137 2892 233 2950; x_wconf 86' lang='lat' dir='ltr'><strong>securi</strong></span> <span class='ocrx_word' id='word_1_206' title='bbox 251 2893 391 2952; x_wconf 84' lang='lat' dir='ltr'><strong>adversus</strong></span> <span class='ocrx_word' id='word_1_207' title='bbox 406 2894 489 2964; x_wconf 91' lang='lat' dir='ltr'><strong>deos,</strong></span> <span class='ocrx_word' id='word_1_208' title='bbox 506 2915 571 2954; x_wconf 89' lang='lat' dir='ltr'><strong>rem</strong></span> <span class='ocrx_word' id='word_1_209' title='bbox 586 2893 790 2952; x_wconf 90' lang='lat' dir='ltr'><strong>difficillimam</strong></span> <span class='ocrx_word' id='word_1_210' title='bbox 811 2892 946 2952; x_wconf 85' lang='lat' dir='ltr'><strong>adsecuti</strong></span> <span class='ocrx_word' id='word_1_211' title='bbox 962 2905 1039 2969; x_wconf 84' lang='lat' dir='ltr'><strong>sunt,</strong></span> <span class='ocrx_word' id='word_1_212' title='bbox 1056 2907 1090 2953; x_wconf 88' lang='lat' dir='ltr'><strong>ut</strong></span> <span class='ocrx_word' id='word_1_213' title='bbox 1158 2939 1160 2943; x_wconf 86' lang='lat'>-</span> 
     </span>
     <span class='ocr_line' id='line_1_29' title="bbox 137 2985 1089 3069; baseline 0.009 -26"><span class='ocrx_word' id='word_1_214' title='bbox 137 2985 196 3045; x_wconf 90' lang='lat' dir='ltr'><strong>illis</strong></span> <span class='ocrx_word' id='word_1_215' title='bbox 213 3007 250 3047; x_wconf 88' lang='lat' dir='ltr'><strong>ne</strong></span> <span class='ocrx_word' id='word_1_216' title='bbox 267 3002 336 3049; x_wconf 87' lang='lat' dir='ltr'><strong>voto</strong></span> <span class='ocrx_word' id='word_1_217' title='bbox 353 2990 475 3067; x_wconf 87' lang='lat' dir='ltr'><strong>quidem</strong></span> <span class='ocrx_word' id='word_1_218' title='bbox 496 3011 571 3069; x_wconf 91' lang='lat' dir='ltr'><strong>opus</strong></span> <span class='ocrx_word' id='word_1_219' title='bbox 592 3002 678 3049; x_wconf 83' lang='lat' dir='ltr'><strong>esset.</strong></span> <span class='ocrx_word' id='word_1_220' title='bbox 726 2991 839 3049; x_wconf 85' lang='lat' dir='ltr'><strong>Cetera</strong></span> <span class='ocrx_word' id='word_1_221' title='bbox 854 2990 920 3069; x_wconf 89' lang='lat' dir='ltr'><strong>jam</strong></span> <span class='ocrx_word' id='word_1_222' title='bbox 936 2986 1089 3052; x_wconf 85' lang='lat' dir='ltr'><strong>fabulosa:</strong></span> 
     </span>
     <span class='ocr_line' id='line_1_30' title="bbox 137 3082 1090 3164; baseline 0.005 -24"><span class='ocrx_word' id='word_1_223' title='bbox 137 3082 324 3143; x_wconf 67' lang='lat' dir='ltr'><strong>Hellusios:</strong></span> <span class='ocrx_word' id='word_1_224' title='bbox 338 3087 469 3146; x_wconf 72' lang='lat' dir='ltr'><strong>Oriona:</strong></span> <span class='ocrx_word' id='word_1_225' title='bbox 482 3087 691 3146; x_wconf 74' lang='lat' dir='ltr'><strong>medantinum</strong></span> <span class='ocrx_word' id='word_1_226' title='bbox 702 3087 990 3163; x_wconf 65' lang='lat' dir='ltr'><strong>&#39;&#39;altusquacorpora</strong></span> <span class='ocrx_word' id='word_1_227' title='bbox 1004 3096 1090 3164; x_wconf 79' lang='lat' dir='ltr'><strong>atquc</strong></span> 
     </span>
     <span class='ocr_line' id='line_1_31' title="bbox 136 3181 1089 3264; baseline 0.003 -26"><span class='ocrx_word' id='word_1_228' title='bbox 136 3181 362 3258; x_wconf 81' lang='lat' dir='ltr'><strong>ortucferarum</strong></span> <span class='ocrx_word' id='word_1_229' title='bbox 375 3203 493 3260; x_wconf 80' lang='lat' dir='ltr'><strong>gerere:</strong></span> <span class='ocrx_word' id='word_1_230' title='bbox 516 3182 596 3263; x_wconf 92' lang='lat' dir='ltr'><strong>quod</strong></span> <span class='ocrx_word' id='word_1_231' title='bbox 613 3203 652 3264; x_wconf 84' lang='lat' dir='ltr'><strong>eg</strong></span> <span class='ocrx_word' id='word_1_232' title='bbox 661 3213 680 3254; x_wconf 58' lang='lat' dir='ltr'><strong>r,</strong></span> <span class='ocrx_word' id='word_1_233' title='bbox 694 3194 729 3241; x_wconf 93' lang='lat' dir='ltr'><strong>ut</strong></span> <span class='ocrx_word' id='word_1_234' title='bbox 744 3181 972 3263; x_wconf 86' lang='lat' dir='ltr'><strong>incompertum,</strong></span> <span class='ocrx_word' id='word_1_235' title='bbox 980 3181 1012 3240; x_wconf 91' lang='lat' dir='ltr'><strong>in</strong></span> <span class='ocrx_word' id='word_1_236' title='bbox 1027 3200 1089 3241; x_wconf 85' lang='lat' dir='ltr'><strong>me·</strong></span> 
     </span>
     <span class='ocr_line' id='line_1_32' title="bbox 137 3272 410 3356; baseline 0.026 -25"><span class='ocrx_word' id='word_1_237' title='bbox 137 3272 220 3334; x_wconf 89' lang='lat' dir='ltr'><strong>dium</strong></span> <span class='ocrx_word' id='word_1_238' title='bbox 233 3275 410 3356; x_wconf 85' lang='lat' dir='ltr'><strong>relinquam.</strong></span> 
     </span>
    </p>
   </div>
   <div class='ocr_carea' id='block_1_5' title="bbox 0 0 1204 4290">
    <p class='ocr_par' dir='ltr' id='par_1_5' title="bbox 0 0 1204 4290">
     <span class='ocr_line' id='line_1_33' title="bbox 0 0 1204 4290; baseline 0 0"><span class='ocrx_word' id='word_1_239' title='bbox 0 0 1204 4290; x_wconf 95' lang='lat' dir='ltr'><strong> </strong></span> 
     </span>
    </p>
   </div>
  </div>
 </body>
</html>
