2400 4290
280 259 444 303 AGRIGOLAE
460 258 660 301 VITA.-GAP·
677 256 943 304 xxxvia-xxm.
1044 247 1085 307 49

134 392 301 452 veniebant.
343 390 468 463 Quodni
484 390 625 468 frequens
641 391 752 469 ubique
769 392 913 470 Agricola
927 393 1040 453 validas
1057 408 1086 455 et

24 492 43 533 ⁴-
132 488 289 568 expeditas
316 488 458 557 cohortes,
480 486 628 564 indaginis
654 487 755 556 modo,
778 500 816 557 et,
839 488 935 547 sicubi
962 490 1087 550 arctiora

132 596 225 655 eraut,
234 596 351 663 partem
366 582 507 661 equitum,
520 582 647 640 dimissis
662 582 753 660 equis,
762 582 850 641 simul
863 583 990 642 rariores
1001 585 1087 644 silvae

131 680 264 759 equitem
279 681 447 759 persultare
457 679 603 757 jussisset,
615 691 770 757 acceptum
785 680 905 758 aliquod
915 683 1023 739 vulnus
1033 702 1087 761 per

131 776 252 835 nimiam
274 775 414 834 fiduciam
429 775 514 833 foret.
556 775 711 845 Ceterum,
730 775 781 833 ubi
802 777 976 854 compositos
996 777 1087 836 firmia

131 873 287 933 ordinibus
301 871 386 951 sequi
400 891 502 930 rursus
512 870 625 941 videre,
636 871 667 928 in
677 872 780 950 fugam
789 872 876 940 versi,
890 891 951 930 non
964 872 1085 950 agmini·

130 970 187 1028 bus
197 982 230 1027 ut
239 969 332 1048 prius,
342 987 400 1026 nec
412 968 487 1026 alius
500 967 592 1025 aliurn
602 979 815 1046 respectantes,
825 967 883 1024 rari
895 981 926 1025 et
935 967 1086 1027 vitabundi

130 1065 260 1124 invicem
281 1063 446 1142 longinqua
467 1075 555 1139 atque
581 1062 647 1121 avia
665 1063 791 1141 petiere.
833 1063 917 1122 Finis
941 1064 1087 1141 sequendi

130 1181 191 1220 nox
205 1173 237 1220 et
246 1161 368 1219 satietas
381 1159 444 1218 fuit.
485 1159 573 1218 Caesa
585 1158 713 1217 hostium
726 1158 880 1217 addacem
895 1160 1004 1220 millia:
1021 1181 1087 1220 nos·

131 1269 243 1315 tromm
257 1256 383 1315 trecenti
397 1254 554 1333 sexaginta
568 1255 715 1326 cecidere,
729 1255 759 1312 in
773 1255 839 1333 quis
849 1258 946 1315 Aulus
957 1256 1086 1328 Atticus,

130 1352 291 1431 praefectus
304 1351 444 1422 cohortis,
454 1350 580 1431 juvenili
591 1349 698 1410 ardore
707 1363 739 1410 et
748 1350 861 1410 ferocia
873 1352 943 1429 equi
952 1353 1088 1412 hostibus

131 1449 238 1509 illatus.
703 1495 707 1501 .

170 1545 356 1605 XXXVIII.
377 1546 421 1605 Et
434 1565 494 1603 nox
508 1544 631 1622 quidem
645 1544 755 1623 gaudio
768 1544 931 1623 praedaque
945 1546 1015 1603 laeta
1027 1542 1087 1602 vic·

130 1645 260 1706 taribus:
275 1645 411 1704 Britanni
419 1646 562 1723 palantes,
569 1644 859 1721 mixtoquevirorum
868 1644 1088 1721 mulierumque

129 1743 258 1820 ploratu,
271 1743 390 1800 trahere
402 1743 579 1810 vulneratos,
593 1761 702 1800 vocare
719 1740 860 1818 integros,
874 1739 1016 1799 deserere
1034 1739 1087 1799 do·

129 1856 196 1896 mos
213 1857 248 1897 ac
261 1857 317 1916 per
330 1837 404 1895 iram
419 1838 495 1895 ultro
508 1835 689 1907 incendere;
713 1835 826 1914 eligere
843 1835 972 1894 latebras
986 1847 1016 1893 et
1030 1848 1086 1894 sta·

50 1987 57 1994 .
131 1932 186 1992 tirn
213 1933 400 2011 relinquere;
432 1933 562 1991 miscere
585 1932 714 1990 invicem
738 1932 861 1992 consilia
888 1931 996 2010 aliqua,
1019 1932 1088 1992 dein

129 2048 289 2107 separare;
320 2028 482 2107 aliquando
502 2027 600 2107 frangi
623 2036 743 2106 aspectu
771 2027 929 2106 pignorum
956 2046 1086 2098 suorum,

130 2125 241 2203 saepius
254 2124 418 2184 concitari:
440 2124 569 2202 satisque
587 2125 748 2194 constabat,
763 2124 882 2184 saevisse
896 2124 1042 2202 quosdam
1055 2125 1087 2184 in

129 2220 274 2299 conjuges
296 2241 330 2280 ac
350 2219 471 2290 liberos,
488 2233 640 2298 tamquam
660 2221 882 2280 misererentur.
924 2221 1086 2281 Proximus

130 2313 194 2373 dies
207 2315 316 2374 faciem
329 2314 462 2375 victoriae
475 2317 564 2375 latius
582 2316 719 2396 aperuit:
740 2329 858 2376 vastum
871 2317 983 2394 ubique
996 2317 1084 2376 silen-

128 2410 213 2481 tium,
228 2411 336 2470 secreti
350 2413 450 2481 colles,
463 2410 608 2472 fumantia
621 2413 727 2492 procul
741 2424 829 2482 tecta,
843 2432 933 2469 nemo
950 2413 1093 2490 explora,

129 2508 243 2566 toribus
262 2508 384 2567 obvius:
410 2507 519 2585 quibus
540 2509 571 2566 in
593 2528 712 2567 ornnem
733 2521 850 2586 partem
873 2506 1012 2576 dimissis,
1033 2507 1087 2565 ubi

128 2603 241 2663 incerta
261 2598 341 2682 fir‘gra
363 2603 489 2682 vestigia
520 2624 620 2681 neque
642 2622 766 2680 usquam
790 2601 965 2680 conglobari
986 2602 1086 2661 hostes

129 2711 324 2778 compertum,
339 2710 370 2758 et
384 2711 489 2758 exacta
499 2700 564 2777 jam
577 2711 679 2757 aestate
693 2697 793 2775 spargi
807 2697 919 2755 bellum
933 2695 1084 2773 nequibat,

128 2793 160 2852 in
172 2793 248 2853 fines
261 2795 463 2858 Horestorurn
478 2794 643 2853 exercitum
658 2791 787 2851 deducit.
828 2791 876 2849 Ibi
890 2790 1019 2870 acceptis
1033 2791 1085 2850 ob·

128 2888 253 2960 sidibus,
268 2889 410 2969 praefecto
425 2889 524 2949 classis
537 2889 709 2948 circumvehi
721 2888 910 2947 Britanniam
923 2887 1083 2967 praecepit:

128 2983 206 3044 datae
231 2983 269 3045 ad
289 2984 321 3043 id
341 2985 430 3057 vires,
446 2984 483 3044 bt
506 2996 700 3064 praecesserat
722 2997 834 3042 terror:
863 2982 929 3061 ipsa
950 2983 1085 3062 peditem

129 3092 218 3159 atque
234 3081 350 3160 equites
366 3083 449 3141 lento
464 3081 581 3152 itinere,
596 3102 655 3160 quo
675 3100 819 3140 novarum
840 3080 975 3158 gentium
991 3081 1084 3139 animi

128 3174 195 3254 ipsa
215 3176 354 3236 transitus
375 3197 460 3236 mora
480 3164 716 3248 terrerentur,in
732 3176 865 3235 hibernis
885 3177 1001 3235 locavit.
1041 3176 1085 3236 Et

128 3271 216 3330 simul
236 3273 339 3331 classis
362 3272 494 3331 secunda
516 3285 695 3352 tempestate
720 3293 755 3333 ao
775 3273 855 3331 fama
872 3271 1084 3331 Trutuleusem

126 3379 247 3447 portum
261 3368 366 3440 tenuit,
380 3368 462 3428 unde
476 3369 613 3448 proximo
626 3370 721 3427 latere
733 3367 896 3426 Britanniae
909 3368 989 3425 lecto
1002 3364 1083 3423 omni

127 3461 266 3523 redierat.

167 3558 320 3621 XXXIX.
341 3560 434 3620 Hunc
443 3579 545 3619 rerum
556 3577 685 3627 cursum,
697 3574 877 3634 quamquam
887 3555 969 3612 nulla
978 3551 1083 3613 verbo-

127 3673 195 3715 rum
211 3655 358 3739 jactantia
380 3655 514 3738 epistolis
536 3653 687 3734 Agricolae
711 3650 839 3721 auctuin,
856 3663 890 3710 ut
909 3648 1084 3710 Domitiano

597 3748 623 3810 O
