2400 4290
6 726 27 765 fl

1 768 30 807 .,
75 766 84 787 t

16 812 89 873 ‘tel

0 864 4 907 l
22 864 73 925 ᾧ]

119 267 159 325 16
367 281 370 284 ’
401 283 428 325 c.
452 281 627 325 conuersus
649 282 785 326 rscrrus

114 426 163 474 tos
183 415 221 474 ad
237 416 367 474 bellum:
389 416 449 474 rari
466 436 609 475 excursus
627 430 657 474 et
670 416 794 475 fortuite
806 436 914 496 pugna
955 417 1072 494 Eques·

115 510 204 569 trium
219 531 290 569 sane
302 511 409 569 virium
423 510 454 569 id
468 512 634 590 proprium,
649 513 707 570 cito
721 533 826 591 parare
840 513 1003 583 victoriam,
1014 515 1074 572 cito

114 608 233 668 cedere.
278 609 434 668 Velocitas
452 610 543 688 juxta
563 608 760 679 formidinem,
782 610 928 668 cunctatio
950 611 1074 691 propior

151 704 288 763 nstantiae
306 718 359 764 est.
433 733 439 745 ¹

188 783 274 860 XXI.
296 801 338 859 Et
356 800 420 860 aliis
435 801 655 860 Germanorum
671 801 793 880 populis
809 816 985 881 usurpatum
1006 824 1074 862 rara

114 882 145 955 et
163 897 277 975 privata
298 898 443 977 cujusque
465 897 609 955 audentia
630 897 712 975 apud
727 897 830 956 Cattos
846 898 877 955 in
894 919 1072 957 consensum

113 993 211 1063 vertit,
225 1006 259 1051 ut
272 993 402 1071 primum
418 992 610 1061 adoleverint,
625 993 738 1054 crinem
752 994 936 1072 barbamque
950 995 1072 1053 submit·

112 1101 185 1158 tere,
200 1109 264 1157 nec,
279 1088 335 1147 nisi
353 1089 437 1146 hoste
460 1109 549 1159 caeso,
567 1109 682 1146 exuere
699 1089 831 1148 votivum
848 1091 1071 1169 obligatumque

112 1183 214 1242 virtuti
228 1185 288 1243 oris
302 1184 444 1242 habitum.
486 1185 585 1263 Super
595 1185 770 1263 sangninem
786 1199 817 1244 et
831 1187 927 1265 spolia
937 1191 1072 1247 revelant

111 1279 250 1350 frontem,
269 1299 360 1357 seque
378 1290 438 1338 tum
456 1280 570 1338 demum
584 1282 685 1357 pretia
701 1282 838 1340 noscendi
857 1285 985 1341 retulisse
1004 1285 1070 1360 dig·

111 1397 217 1454 nosque
226 1378 381 1455 petriano
389 1378 561 1455 parentibus
574 1377 682 1436 ferunt.
723 1378 843 1457 Ignavis
857 1391 887 1437 et
901 1380 1071 1439 imbellibus

111 1487 214 1532 manet
227 1475 351 1551 squalor.
393 1473 586 1533 Fortissimus
598 1474 724 1552 quisque
735 1477 869 1533 ferreum
883 1475 1006 1555 insuper
1020 1497 1070 1535 an·

110 1572 215 1628 nulum
239 1570 478 1650 (ignominiosum
499 1570 533 1629 id
560 1571 654 1649 genti)
677 1572 761 1629 velut
782 1572 935 1629 vinculum
962 1586 1069 1649 gestet,

111 1666 208 1726 donec
230 1686 263 1725 se
285 1667 369 1726 crede
391 1666 483 1725 hostis
507 1662 647 1726 absoluat.
689 1667 833 1726 Plurimis
851 1668 1005 1726 Oettorum
1021 1668 1070 1726 hic

111 1764 212 1842 placet
219 1764 347 1823 habitus.
387 1764 519 1842 Jamque
531 1778 637 1823 cenent
648 1765 789 1844 insignes,
799 1777 830 1823 et
837 1765 970 1823 hostibus
982 1766 1069 1824 simul

111 1861 232 1938 suisque
253 1861 423 1920 monstrati:
446 1861 579 1920 omnium
596 1882 689 1941 penes
704 1862 758 1920 hos
779 1861 865 1921 initia
883 1882 1068 1940 pugnarum3

110 1955 176 2014 haec
199 1957 297 2034 prima
319 1977 440 2036 semper
460 1958 540 2016 acies
558 1959 624 2017 visu
645 1971 737 2018 torva.
779 1959 859 2017 Nam
884 1979 923 2017 ne
944 1960 974 2016 in
992 1980 1069 2038 pace

111 2049 233 2129 quidem
256 2053 340 2109 vultu
365 2052 481 2110 mitiore
505 2066 723 2111 mansuescunt.
775 2041 860 2111 Nulli
882 2052 999 2124 domus,
1017 2067 1070 2114 aut

111 2166 192 2224 ager,
202 2160 255 2204 aut
269 2146 368 2224 alique
383 2169 473 2208 cura:
493 2161 582 2227 prout
596 2148 634 2207 ad
646 2169 795 2229 quemque
804 2168 922 2218 venere,
932 2152 1068 2211 aluntur:

110 2241 228 2321 prodigi
243 2242 342 2313 alieni,
357 2254 561 2302 contemtores
583 2240 650 2318 sui3
679 2243 777 2302 donec
791 2245 950 2324 exsanguis
965 2267 1068 2306 senec-

110 2350 159 2396 tns
173 2351 234 2397 tem
248 2338 332 2397 durae
345 2339 447 2397 virtuti
460 2339 590 2417 impares
603 2339 702 2398 faciat.

151 2435 287 2494 XXXII.
314 2435 451 2495 Proximi
472 2435 567 2494 Cattis
589 2449 704 2515 certum
721 2437 786 2517 jam
810 2438 894 2496 alveo
915 2438 1067 2511 Rhenum,

111 2532 223 2611 quique
241 2532 386 2592 terminus
403 2553 470 2592 esse
487 2531 620 2603 sufficiat,
633 2533 735 2612 Usipii
749 2553 786 2592 sc
801 2534 942 2593 Tencteri
958 2537 1067 2594 colunt.

112 2629 264 2702 Tencteri,
285 2649 377 2708 super
399 2629 519 2689 solitum
542 2629 691 2689 bellorum
716 2630 818 2700 decus,
841 2631 985 2710 equestris
1010 2631 1067 2690 dis·

112 2725 228 2805 ciplinae
244 2738 307 2785 arte
321 2727 513 2805 praecellunt3
535 2746 593 2785 nec
609 2727 706 2806 major
722 2727 803 2805 apud
817 2727 920 2786 Cattos
934 2727 1068 2806 peditum

111 2822 185 2891 laus,
200 2842 289 2900 quem
307 2823 464 2882 Tencteris
487 2824 631 2901 equitnm.
680 2824 732 2882 Sic
753 2825 909 2884 instituere
930 2827 1066 2906 majores,

111 2917 223 2994 posteri
236 2916 395 2977 imitantur.
425 2918 469 2975 Hi
477 2919 561 2975 lusus
572 2918 737 2988 infantium,
745 2920 811 2977 baec
819 2921 967 2998 juvenum
976 2942 1067 2979 aemu·

110 3011 197 3083 lstio;
220 3023 412 3089 perseverant
432 3032 527 3070 senes.
568 3012 652 3071 Inter
672 3013 815 3072 familiam
837 3026 868 3073 et
888 3027 1013 3092 penates
1036 3029 1068 3074 et

110 3107 183 3186 jura
198 3107 421 3165 successionum
438 3107 506 3184 equi
522 3106 698 3179 traduntur3
718 3109 833 3187 excipit
849 3108 934 3177 filius,
948 3130 1018 3179 non,
1032 3123 1066 3169 ut
1143 3122 1147 3129 '

111 3215 221 3272 cetera,
235 3203 382 3262 maximus
396 3215 478 3274 netu,
492 3201 548 3261 sed
560 3192 649 3281 prbut
662 3202 749 3262 ferox
761 3204 842 3263 bello
855 3218 886 3263 et
899 3205 1013 3265 melior.

149 3298 304 3359 XXXIII.
325 3298 422 3358 Juxta
437 3299 602 3358 Tencteros
616 3299 757 3358 Bructeri
772 3300 843 3358 olim
856 3302 1064 3377 occurrebant3

110 3417 190 3457 nunc
198 3397 364 3456 Chamavos
375 3408 405 3456 et
414 3395 609 3475 Angrivarios
622 3395 807 3475 immigrasse
817 3410 964 3468 narratur,
972 3401 1065 3477 pulsis

110 3495 263 3554 Bructeris
272 3515 307 3553 ac
316 3494 434 3573 penitus
443 3492 731 3563 excisis,vicinarum
740 3514 886 3553 consensu
895 3496 1063 3569 nationum-3

111 3611 165 3651 seu
180 3591 328 3670 superbiae
343 3590 421 3661 odio,
435 3610 489 3650 seu
503 3589 616 3670 praedae
631 3589 799 3662 dulcedine,
813 3611 869 3650 seu
879 3591 979 3652 favore
993 3614 1064 3671 quo·

110 3689 179 3748 dam
194 3710 266 3769 erga
277 3710 333 3750 nos
344 3689 469 3751 deorum
480 3711 487 3750 ι
508 3708 578 3748 nem
591 3708 631 3747 ne
644 3690 816 3767 spectaculo
831 3688 953 3766 quidem
963 3688 1063 3768 proelii
