2400 4290
121 273 163 331 22
408 291 434 332 c.
455 290 629 333 coenemus
651 290 788 333 rscrrus

119 420 185 498 jam
199 421 437 501 exceptionibus,
449 443 507 481 non
519 423 655 501 precario
663 424 734 500 jure
747 421 890 500 parendi:
912 441 968 479 nec
983 441 1072 491 arma,

120 529 153 574 ut
170 517 250 594 apud
268 531 381 576 ceteros
396 519 572 588 Gemmnos,
585 519 615 574 in
632 517 810 596 promiscuo,
824 517 878 574 sed
895 518 996 574 clause
1016 518 1073 574 sub

120 611 245 672 custode
268 625 298 670 et
319 614 441 690 quidem
464 634 559 684 servo,
574 613 644 690 quic
664 613 777 671 subitos
793 612 921 670 hostium
940 611 1074 669 incursus
1107 664 1113 672 x

119 706 257 784 prohibet
279 728 416 778 oceanus,
431 709 534 768 otiosae
551 728 642 788 porro
662 720 843 768 armatorum
864 726 968 764 monus
984 706 1073 764 facile

119 802 289 862 lasciviunt:
308 804 460 864 enimvero
474 825 572 882 neque
585 805 728 874 nobilem,
739 823 838 881 neque
851 800 1024 880 ingenuum,
1035 822 1073 859 uo

119 896 292 957 libertinum
306 900 438 977 quidem,
453 900 542 959 armis
556 919 729 978 praeponero
743 898 826 975 regie
839 897 947 956 utilitas
961 910 1013 954 est.

101 998 107 1003 ’
159 992 259 1053 XLV.
278 995 374 1054 Trans
386 995 512 1055 Suionas
527 996 609 1054 eliud
623 1013 715 1063 mare,
727 994 846 1072 pigrum
861 1012 897 1051 ec
910 1012 1006 1070 prope
1019 992 1072 1049 im·
1144 1047 1147 1053 .

119 1100 244 1160 motum,
261 1110 320 1166 quo
341 1089 420 1168 cingi
442 1091 582 1167 cludique
600 1102 746 1147 terrorum
767 1089 871 1146 orbem
891 1089 961 1146 hinc
981 1087 1071 1159 fides;

120 1182 200 1258 quod
216 1197 367 1242 extremus
388 1185 522 1243 cedentis
538 1186 603 1263 jem
623 1184 693 1242 solis
710 1183 854 1260 fulgoris
871 1195 951 1241 ortus
969 1182 1074 1241 edurat

119 1276 196 1336 adeo
210 1279 316 1350 clarus,
331 1292 365 1337 ut
380 1279 479 1338 sidere
491 1281 628 1351 hebetet3
650 1299 757 1337 sonum
772 1278 893 1357 insuper
906 1278 1002 1336 audiri
1015 1279 1056 1336 for

118 1391 242 1451 masque
255 1374 381 1434 deorum
396 1389 425 1434 et
438 1375 536 1435 radios
551 1374 782 1454 copitis'edspici
792 1375 948 1453 persuasio
962 1374 1072 1452 adjicit.

118 1467 195 1528 Illuc
206 1490 301 1548 usque
312 1484 343 1530 et
353 1470 435 1530 fame
444 1454 638 1530 vere'tontuin
648 1482 762 1529 natura.
792 1471 878 1548 Ergo
887 1471 952 1549 jem
964 1464 1073 1529 dextro

118 1562 241 1624 Suevici
254 1567 344 1625 meris
356 1567 453 1626 littore
466 1567 642 1644 AEstyorum
654 1579 759 1644 gentes
777 1567 943 1624 alluuntur:
964 1565 1072 1642 quibus

117 1658 191 1719 ritus
210 1662 388 1740 habitusque
406 1664 593 1733 Suevorum3
621 1663 724 1742 lingua
741 1662 920 1721 Britannicae
940 1662 1071 1740 propior.

118 1755 248 1816 Matrem
264 1757 356 1819 deum
373 1772 569 1818 venerantur:
593 1759 710 1837 insigne
732 1757 947 1837 superstitionis
963 1756 1072 1815 formes

118 1871 261 1932 aprorum
277 1867 403 1933 gestant.
444 1854 482 1913 Id
495 1876 551 1934 pro
569 1855 657 1913 ermis
672 1855 811 1930 omnique
825 1854 918 1912 tutela
934 1873 1072 1912 securum

117 1945 184 2006 deae
209 1950 354 2009 cultorem
379 1950 469 2008 etiam
488 1951 566 2008 inter
581 1951 680 2008 hostes
699 1962 828 2028 praestet.
875 1949 974 2008 Rarus
991 1948 1071 2019 ferri,

116 2041 257 2118 frequens
270 2043 394 2101 fustium
407 2064 485 2102 usus.
527 2045 690 2103 Frumento
704 2057 878 2118 ceterosque
892 2043 1007 2102 fructus
1020 2064 1072 2122 pe·

116 2135 245 2206 tientius,
263 2157 353 2215 quam
373 2157 430 2217 pro
451 2138 537 2197 solite
554 2138 774 2197 Germanorum
795 2137 910 2206 inertie,
926 2138 1071 2197 laborant.

117 2229 180 2288 Sed
195 2244 226 2289 et
242 2252 323 2291 mere
340 2245 519 2302 scrutantur,
537 2254 571 2292 ec
589 2233 646 2291 soli
663 2232 796 2290 omnium
813 2231 975 2300 succinum,
990 2233 1071 2308 quod

115 2326 175 2406 ipsi
185 2329 298 2404 glesum
311 2341 427 2398 vocant,
442 2329 518 2386 inter
529 2328 607 2388 vada
620 2340 708 2405 etque
721 2327 832 2406 inipso
845 2327 942 2384 littore
957 2327 1070 2404 legunt.

118 2422 195 2494 Nec,
210 2444 277 2502 quae
290 2435 403 2494 nature,
418 2444 523 2502 quaeve
539 2424 617 2483 retio
633 2423 746 2502 gignat,
761 2436 795 2481 ut
808 2422 952 2491 barbaris,
967 2423 1071 2498 quaesi-

116 2530 179 2577 tum
197 2532 429 2598 compertumve.
471 2519 535 2578 Diu
553 2519 626 2596 quin
642 2519 733 2577 etiem
750 2517 828 2593 inter
844 2530 947 2575 cetere
963 2517 1070 2596 ejecta-

115 2626 218 2673 mente
233 2615 325 2674 maris
337 2615 466 2694 jacebat,
480 2614 578 2674 donec
590 2614 711 2673 luxurie
726 2627 828 2674 nostre
843 2612 1070 2674 deditmomen:

116 2707 189 2787 ipsis
204 2710 236 2768 in
251 2712 335 2770 nullo
352 2731 424 2783 usn;
445 2710 520 2770 rude
534 2711 656 2789 legitur,
669 2710 795 2770 informe
809 2711 965 2789 perfertur,
980 2711 1071 2789 preti·

116 2823 228 2882 umque
239 2807 380 2866 mirantes
395 2807 553 2885 accipiunt
594 2806 725 2865 Succum
738 2820 836 2864 temen
851 2807 990 2864 arborum
1004 2826 1071 2865 esse

116 2898 274 2976 intelliges,
286 2900 356 2978 quia
370 2913 488 2960 terrene
502 2901 639 2977 quaedam
653 2915 742 2978 etque
756 2903 847 2960 etiam
861 2902 996 2961 volucria
1011 2902 1070 2961 ani-

116 2992 205 3050 melie
217 2994 395 3070 plerumque
409 2997 597 3063 interlucent,
612 3015 679 3073 quae
693 2996 843 3073 implicate
857 2996 983 3054 humore
999 3017 1071 3056 mox

117 3084 293 3146 durescente
303 3089 428 3147 materia
438 3089 606 3147 cluduntur.
646 3088 837 3147 Fecundiora
847 3089 939 3167 igitur
949 3111 1071 3150 nemore

115 3183 261 3260 lucosque
277 3183 353 3242 sicut
366 3183 498 3243 Orientis
514 3184 646 3253 secretis,
660 3183 713 3242 ubi
729 3197 797 3242 tura
812 3185 1002 3261 balsamoque
1020 3208 1069 3244 su·

35 3276 41 3285 '
117 3277 234 3348 dentur,
242 3278 284 3337 ite
293 3278 465 3337 Occidentis
477 3278 582 3337 insulis
596 3279 742 3355 terrisque
755 3280 863 3351 inesse,
873 3281 1068 3354 crediderim

118 3394 186 3452 quae
201 3374 291 3434 ricini
307 3375 376 3434 solis
392 3375 482 3434 rediis
500 3395 645 3454 expressa
661 3387 750 3453 atque
766 3375 910 3454 liquentie
924 3377 954 3434 in
972 3379 1069 3456 proxi-

117 3490 201 3529 mum
213 3491 295 3530 mare
308 3470 454 3540 labuntur,
469 3491 504 3530 ec
516 3470 546 3528 vi
559 3482 773 3550 tempestatum
787 3471 817 3529 in
832 3471 958 3533 adverse
970 3474 1070 3534 littore

118 3566 281 3626 exundent.
331 3567 366 3625 Si
387 3580 524 3626 naturam
548 3566 662 3626 succini
686 3568 806 3626 admoto
827 3567 888 3647 igni
910 3582 1015 3639 tentes,
1038 3569 1069 3628 in

118 3662 241 3722 modum
261 3663 349 3723 taedae
370 3664 553 3734 accenditur,
573 3663 683 3741 alitque
702 3664 852 3723 flammam
874 3664 1017 3744 pinguem
1037 3678 1069 3724 et
