2400 4290
352 278 393 318 nr
415 277 705 320 canutum-oar.
730 277 888 321 rum-xxa
1058 266 1097 325 1}

130 379 243 468 ¹coram
256 409 441 488 propinquis,
457 410 582 489 expellit
595 409 683 468 domo
700 409 832 481 maritus,
848 430 883 469 ac
899 431 956 495 per
976 432 1097 473 ornnem

142 505 240 564 vicum
252 507 377 564 verbere
391 506 462 584 agit.
505 505 671 564 Publicatae
689 505 770 563 enim
785 506 937 585 pudicitiae
951 509 1033 567 nulla
1045 528 1097 568 ve·

141 601 204 671 nia;
225 621 285 659 non
298 601 401 671 forma,
412 621 471 659 non
485 612 582 671 aetate,
596 621 656 659 non
667 601 773 679 opibus
788 601 926 661 maritum
940 603 1095 663 invenerit.

52 680 54 685 Ι
110 726 121 744 ·
142 697 244 755 Nemo
254 697 335 755 enim
347 696 408 755 illic
417 697 489 755 vitia
499 696 589 768 ridet3
611 717 668 755 nec
690 718 880 777 corrumpere
901 712 931 758 et
942 703 1095 781 corrumpi

117 768 284 855 insecutum
297 804 431 851 vocatur.
473 792 584 851 Melius
598 792 719 869 quidem
736 792 833 851 adhuc
846 815 891 852 eae
906 795 1049 864 civitates,
1063 795 1094 852 in

141 887 249 963 quibus
263 899 378 945 tantum
388 885 520 964 virgines
531 888 655 956 nubunt,
667 899 697 945 et
710 907 779 946 cum
791 908 843 966 spe
853 901 981 966 votoque
991 889 1095 948 uxoris

140 983 232 1039 semel
241 983 422 1060 transigitur.
457 983 508 1041 Sic
516 1002 608 1040 unum
620 982 769 1063 accipiunt
780 984 996 1061 maritumsquo
1004 984 1095 1043 modo

140 1096 232 1135 unum
254 1098 363 1156 eorpus
384 1097 532 1156 unamque
549 1078 648 1149 vitam,
663 1099 701 1136 ne
719 1080 781 1137 ulla
798 1078 937 1158 cogitatio
954 1082 1040 1150 ultra,
1054 1101 1095 1139 ne
1132 1152 1136 1163 Ι
1167 1098 1195 1173 qq.

106 1173 257 1267 uiongior
280 1172 436 1251 cupiditas,
458 1193 496 1231 ue
520 1186 671 1251 tamquam
695 1175 844 1244 maritum,
866 1175 920 1233 sed
942 1189 1094 1253 tamquam
1126 1180 1199 1265 χέ’(

77 1349 80 1355 Ι
116 1268 370 1338 'matrimonium
392 1281 501 1378 amput.
550 1269 717 1328 Numerum
740 1264 903 1329 liberorum
925 1270 1021 1342 finire,
1043 1284 1096 1330 aut
1158 1268 1177 1293 '¹

139 1383 319 1442 quemquam
331 1386 368 1423 ex
380 1366 495 1448 agimus
509 1386 627 1436 necare,
639 1366 785 1444 flagitium
796 1367 944 1427 habetur:
965 1369 1094 1455 plusque
1115 1446 1120 1457 ι
1164 1414 1167 1419 ,
1183 1403 1193 1421 ,κ

139 1460 181 1539 ibi
193 1461 264 1543 boni
278 1481 376 1520 mores
390 1463 498 1532 valent,
511 1482 602 1539 quam
617 1462 686 1520 alibi
700 1463 785 1521 bonae
798 1465 893 1540 leges.
933 1526 936 1531 ,
1063 1516 1066 1525 ,
1079 1466 1121 1507 ¹
1131 1460 1158 1535 ’ᾗ
1173 1454 1199 1561 ι’.

177 1557 248 1614 ΧΧ.
270 1558 308 1615 In
330 1543 411 1616 orimi
431 1557 521 1617 domo
542 1558 617 1616 nudi
638 1579 673 1617 ac
694 1557 814 1628 sordidi,
829 1558 860 1615 in
878 1544 935 1616 bos
958 1544 1048 1631 artus,
1062 1558 1101 1618 in'
1121 1560 1199 1639 αξ

138 1652 203 1710 haec
220 1672 358 1733 corpora,
375 1674 442 1731 quae
460 1655 611 1724 miramur,
628 1664 813 1711 excrescunt.
859 1653 923 1711 Sua
942 1674 1092 1732 quemque
1130 1644 1199 1731 'uf'iq

139 1756 234 1803 mater
246 1746 388 1806 uberibus
402 1747 464 1816 alit,
479 1767 535 1805 nec
550 1747 663 1805 ancillis
678 1765 713 1804 ac
726 1745 892 1804 nutricibus
907 1746 1093 1825 delegantur.
1109 1764 1125 1837 '-
1136 1736 1172 1817 1‚-.=··'

139 1839 303 1900 Dominum
320 1862 354 1901 ac
368 1846 487 1902 servum
499 1842 588 1900 nullis
602 1841 784 1899 educationis
797 1841 912 1900 deliciis
926 1841 1092 1922 dignoscas.
1148 1906 1156 1931 e
1184 1914 1198 1935 ν

138 1936 219 1995 Inter
233 1938 339 1997 eadem
355 1959 475 2018 pecora,
489 1939 520 1996 in
537 1937 643 1996 eadem
658 1938 750 1995 humo
767 1937 890 2016 degunt,
908 1939 1003 1998 donec
1020 1951 1093 2000 aetas
1119 1976 1132 1989 «
1142 1936 1199 2015 ,Ρᾋ

138 2027 257 2112 separet
270 2034 425 2115 ingenuos,
436 2035 528 2093 virtus
540 2045 690 2112 Qssflfdt·
730 2033 807 2092 Sera
812 2034 959 2113 juvenum
969 2007 1091 2109 Veiibs3
1123 2012 1184 2097 'tt-‘⁸

138 2150 234 2208 eoque
258 2131 435 2191 inexhausta
454 2131 606 2209 pubertas.
657 2129 725 2188 Nec
745 2129 877 2209 virgines
898 2130 1091 2207 festinantem

137 2225 243 2285 eadem
258 2228 392 2306 juventa,
407 2225 513 2284 similis
529 2225 699 2304 proceritas.
739 2225 835 2284 Pares
850 2212 1017 2305 validique
1038 2227 1091 2286 mi·

137 2336 267 2393 scentur,
289 2342 324 2383 ac
344 2323 452 2380 robora
472 2335 632 2400 parentum
651 2322 739 2381 liberi
758 2322 900 2381 referunt.
930 2323 1092 2385 ,Sororum

137 2419 204 2477 filiis
215 2419 295 2477 idem
308 2418 388 2496 apud
397 2419 584 2487 avunculum,
596 2418 648 2495 qui
657 2406 738 2497 apud
747 2419 975 2497 patremhonor.
1013 2419 1089 2493 Qui-

137 2514 206 2573 dam
224 2514 402 2572 sanctiorem
420 2486 636 2591 arctiorbnque
649 2514 729 2572 hunc
744 2534 858 2575 nexum
874 2513 1028 2593 sanguinis
1045 2535 1091 2573 ar-

136 2610 289 2677 bitrantur,
299 2621 329 2667 et
341 2609 374 2665 in
388 2607 567 2686 accipiendis
581 2608 733 2667 obsidibus
747 2608 842 2687 magis
856 2608 996 2685 exigunt3
1017 2621 1091 2668 tam-

136 2724 227 2782 quam
248 2703 269 2762 ii
291 2716 322 2762 et
346 2705 476 2763 animum
499 2704 621 2773 firmius,
644 2717 675 2761 et
699 2703 822 2761 domum
845 2703 935 2760 latius
959 2715 1091 2764 teneant.
1115 2723 1117 2729 ’

136 2799 275 2858 Heredes
288 2812 390 2858 tamen
404 2819 652 2877 successoresque
670 2798 715 2857 sui
731 2797 840 2876 cuique
854 2796 959 2870 liberi3
978 2810 1009 2859 et
1024 2800 1089 2859 uul-

135 2895 196 2952 lum
207 2906 426 2954 testamentum.
466 2895 500 2953 Si
510 2895 597 2954 liberi
607 2915 668 2953 non
678 2907 753 2965 sunt,
765 2894 923 2973 proximus
937 2885 1049 2974 gradus
1058 2895 1088 2954 iu

134 2990 320 3071 possessione
329 2991 446 3061 fratres,
455 2992 564 3070 patrui,
574 2991 719 3050 avunculi.
754 2990 878 3062 Quanto
890 2993 959 3071 plus
968 2991 1089 3072 propin·

135 3098 272 3164 quorum,
296 3107 355 3166 quo
378 3088 475 3165 major
498 3087 628 3145 affinium
651 3107 801 3158 numerus,
826 3099 910 3147 tauto
933 3088 1090 3167 gratiosior
1148 3092 1151 3097 '

135 3195 281 3252 senectus,
295 3202 351 3240 uec
364 3183 427 3241 ulla
443 3182 575 3242 orbitatis
587 3183 691 3261 pretia

173 3278 262 3337 XXI.
283 3278 444 3358 Suscipere
458 3291 517 3337 tam
531 3279 708 3357 inimicitias,
720 3298 776 3338 seu
786 3279 888 3359 patris,
902 3300 956 3339 seu
969 3278 1088 3359 propin·

134 3375 196 3452 qui,
205 3394 295 3452 quam
304 3375 457 3446 amicitias,
467 3395 592 3434 necesse
601 3388 654 3434 est.
692 3374 1088 3455 Necinplacabilesduraut.

135 3469 246 3530 Luitur
259 3471 340 3531 enim
354 3471 444 3531 etiam
457 3469 654 3531 homicidium
668 3483 751 3530 certo
766 3482 969 3529 armentorum
983 3487 1019 3525 ac
1036 3486 1089 3546 pe·

135 3585 238 3625 corum
252 3587 385 3638 numero,
395 3566 561 3646 recipitque
575 3565 805 3626 satisfactionem
815 3564 955 3623 universa
965 3562 1088 3625 domust

133 3661 248 3723 utiliter
266 3663 296 3724 iu
318 3664 488 3744 publicum3
510 3662 581 3742 quia
593 3660 821 3741 periculosiores
837 3671 905 3720 sunt
925 3656 1087 3720 inimicitius
