2400 4290
311 263 474 307 samsona
490 264 689 307 vrrs-car.
705 265 897 308 xxm-xxv.
1037 253 1076 311 41

130 406 243 467 sumta3
264 414 308 465 ac,
319 394 345 453 si
355 395 447 454 virtus
462 395 647 455 exercituum
661 408 692 455 et
701 395 830 455 Romani
842 396 972 455 nominis
985 397 1082 474 gloria

129 502 292 569 pateretur,
315 489 450 548 inventus
474 490 505 547 in
530 490 593 569 ipsa
617 491 772 549 Britannia
795 493 947 550 terminus.
998 493 1079 551 Nam

131 586 219 644 Clota
240 597 272 643 et
288 583 437 658 Bodotria,
453 584 565 643 diversi
584 585 672 642 maris
693 585 812 644 aestibus
828 606 883 665 per
902 586 1080 646 immensum

128 691 264 748 revectae,
282 692 405 757 angusto
425 692 571 738 terrarum
592 680 688 758 spatio
705 680 900 741 dirimuntur:
920 682 999 760 quod
1015 696 1079 743 tum

128 776 276 855 praesidiis
284 774 469 835 firniabatur:
488 789 576 853 atque
587 776 683 835 omnis
690 777 813 855 propior
822 777 904 836 sinus
914 778 1078 851 tenebatur,

129 872 283 930 summotis
297 873 380 929 velut
393 871 423 959 in
437 871 526 929 aliam
539 871 667 929 insulam
680 871 823 930 hostibus.

168 967 286 1025 XXIV.
307 966 423 1038 Quinto
439 966 663 1045 expeditionum
684 986 761 1025 anno
780 987 855 1026 nave
872 967 968 1046 prima
987 981 1080 1027 trans-

130 1083 260 1142 grcssus,
279 1063 394 1140 ignotas
419 1061 457 1119 ad
475 1060 506 1118 id
526 1074 645 1140 tempus
669 1074 774 1138 gentes
798 1062 911 1121 crebris
936 1063 1081 1123 simulac

130 1157 279 1236 prosperis
290 1156 403 1236 proeliis
414 1155 544 1215 domuit:
567 1175 693 1233 eamque
703 1168 820 1234 partem
830 1157 1002 1228 Britanniae,
1014 1178 1080 1236 quae

130 1251 309 1311 Hiberniam
323 1251 457 1330 adspicit,
472 1251 567 1330 copiis
579 1251 719 1308 instruxit
732 1250 763 1308 in
777 1271 863 1331 spem
876 1253 980 1330 magis,
1010 1274 1081 1313 uam

130 1349 169 1406 ob
184 1347 393 1406 formidinem:
417 1346 563 1423 siquidem
580 1345 736 1415 Hibernia,
753 1346 853 1405 medio
870 1346 948 1405 inter
1008 1349 1080 1408 'tan-

129 1442 209 1501 niam
224 1454 310 1520 atque
323 1441 502 1520 Hispaniam
515 1440 571 1498 sita
584 1453 614 1497 et
624 1440 740 1498 Gallico
753 1461 871 1518 quoque
885 1442 959 1500 mari
973 1462 1081 1521 oppor-

130 1550 210 1608 tuna,
218 1538 448 1596 valentissimam
458 1538 576 1616 imperii
586 1550 700 1616 partem
715 1539 829 1616 magnis
839 1540 967 1599 invicem
977 1542 1081 1601 usibus

131 1633 289 1692 miscuerit.
340 1633 479 1712 Spatium
499 1633 573 1711 ejus,
591 1634 616 1690 si
632 1633 794 1692 Britanniae
816 1648 1014 1712 comparetur,
1032 1656 1081 1694 an·

130 1728 252 1806 gustius‚
269 1729 364 1788 nostri
379 1729 471 1787 maris
491 1729 600 1786 insulas
620 1741 748 1805 superat.
790 1728 894 1786 Solum
911 1730 1082 1808 coelumque

131 1836 162 1881 et
178 1823 297 1901 ingenia
314 1825 468 1899 cultusque
485 1823 638 1879 homiuum
653 1822 734 1879 baud
750 1824 877 1880 multum
894 1843 911 1880 a
928 1824 1083 1884 Britannia

132 1917 279 1976 differunt.
328 1917 440 1976 Melius
464 1916 560 1975 adims
583 1929 745 1994 portusque
768 1938 825 1996 per
848 1919 1027 1978 commercia
1051 1933 1082 1979 et

130 2013 329 2089 negotiatores
351 2011 467 2090 cogniti.
515 2011 658 2089 Agricola
679 2013 839 2091 expulsum
860 2013 1006 2073 seditione
1029 2015 1080 2074 do·

131 2107 255 2181 mastica
278 2127 373 2166 unum
396 2128 436 2166 ex
458 2107 570 2184 regulis
597 2107 695 2184 gentis
723 2121 894 2186 exceperat,
919 2129 955 2167 ac
982 2111 1083 2189 specie

131 2203 268 2261 amicitiae
288 2203 319 2261 in
340 2203 527 2262 occasionem
546 2203 701 2261 retinebat.
747 2203 835 2281 Saepe
856 2224 895 2262 ex
915 2224 952 2262 eo
973 2205 1083 2276 audivi,

131 2298 249 2376 legione
263 2316 324 2356 una
340 2311 371 2357 et
386 2297 508 2356 modicis
525 2298 643 2356 auxiliis
661 2297 806 2357 debellari
823 2299 1010 2377 obtinerique
1025 2301 1082 2359 Hi·

130 2393 266 2451 berniam
285 2413 383 2473 posse.
423 2393 520 2471 quue
541 2394 631 2452 etiam
652 2393 791 2452 adversus
808 2394 994 2453 Britanniam
1013 2415 1083 2474 pro-

131 2486 274 2557 futurum,
292 2487 317 2544 si
335 2488 471 2545 Romana
492 2486 602 2563 ubique
625 2506 714 2557 armo,
729 2499 760 2545 et
780 2488 899 2546 veluto
922 2502 1085 2566 conspectu

130 2581 251 2641 libertas
266 2583 428 2640 tolleretur.

171 2678 273 2736 XXV.
301 2677 445 2736 Ceterum
462 2689 574 2746 aestate,
594 2694 654 2752 qua
671 2687 789 2733 sextum
807 2675 895 2734 officii
915 2696 1024 2733 annum
1041 2676 1083 2734 in·

132 2772 266 2839 choabat,
288 2773 445 2850 amplexus
465 2771 597 2829 civitates
618 2782 696 2827 trans
717 2768 893 2828 Bodotriam
914 2770 995 2842 sitas,
1013 2772 1084 2849 quia

131 2880 231 2927 motam
238 2867 443 2926 universarum
452 2868 530 2925 ultra
539 2865 672 2944 gentium
680 2877 711 2922 et
721 2863 828 2923 infesta
837 2864 936 2923 hostili
946 2866 1082 2926 exercitu

131 2961 240 3021 itinera
265 2962 454 3032 timebantur,
478 2974 581 3040 portus
609 2962 701 3019 classe
733 2960 916 3039 exploravit;
946 2982 1025 3039 quae,
1045 2964 1083 3021 ab

132 3058 276 3138 Agricola
294 3058 422 3138 primum
443 3069 572 3116 assumta
591 3056 622 3114 in
643 3068 758 3136 partem
774 3056 891 3126 virium,
905 3059 1085 3135 sequebatur

133 3154 256 3234 egregia
268 3154 380 3234 specie,
393 3174 461 3212 cum
471 3153 559 3211 simul
572 3165 653 3211 terra
665 3151 754 3211 simul
766 3152 841 3211 mari
853 3154 967 3212 bellum
979 3154 1083 3232 impel-

132 3252 254 3321 leretur,
266 3270 300 3311 ac
310 3270 392 3329 saepe
403 3248 509 3307 iisdem
520 3248 623 3306 castris
634 3248 729 3327 pedes
740 3268 894 3325 equesque
905 3262 935 3306 et
947 3249 1083 3307 nauticus

133 3346 230 3416 miles,
239 3345 326 3405 mixti
340 3345 433 3424 copiis
447 3357 478 3402 et
490 3343 603 3413 laetitia,
613 3363 667 3402 sua
679 3342 804 3419 quisque
815 3341 901 3411 facta,
912 3363 981 3401 suos
996 3362 1084 3401 casus

134 3442 314 3511 attollerent3
333 3460 368 3498 ac
380 3439 469 3498 modo
482 3438 622 3497 silvarum
632 3450 661 3494 et
676 3435 819 3494 montium
830 3435 986 3514 profunda,
994 3434 1084 3493 modo

134 3547 346 3617 tempestatum
358 3555 392 3595 ac
402 3535 544 3593 fluctuum
555 3531 687 3600 adversa,
697 3531 765 3588 hinc
775 3541 854 3589 terra
864 3541 895 3587 et
904 3530 1005 3600 hostis,
1015 3529 1086 3588 hinc

135 3632 231 3693 rictus
243 3650 372 3693 oceanus
385 3628 505 3690 militari
516 3625 662 3708 jactantia
677 3635 927 3704 compararentur.
967 3624 1084 3686 Britan·
