2400 4290
328 247 492 290 saarconia
514 246 712 288 rma-css.
734 245 888 287 xn-xnu.
1047 228 1086 288 bl

132 378 324 439 ambitionem
344 379 490 438 aestimare
511 398 576 437 mos
598 390 651 446 est,
665 377 729 436 viso
750 389 929 455 aspectoque
946 377 1090 456 Agricola

133 488 304 553 quaererent
317 474 531 554 famampauci
544 475 817 554 interpretarentur.

171 571 259 630 XLI.
281 570 396 630 Crebro
417 591 472 649 per
494 590 547 629 eos
569 569 634 628 dies
657 570 736 649 apud
754 569 962 629 Domitianum
983 571 1089 631 absens

133 680 298 735 accusatus,
307 667 414 725 absens
425 668 576 725 absolutus
588 679 650 726 estt
669 686 760 728 causa
770 667 897 744 periculi
907 687 965 725 non
977 666 1089 724 crimen

132 764 237 832 ullum,
248 775 299 822 aut
312 764 435 839 querela
448 763 512 822 laesi
528 764 713 842 cujusquam,
723 764 777 821 sed
787 763 920 822 infensus
933 763 1090 823 virtutibus

134 859 286 939 princeps,
301 871 331 918 et
352 859 449 937 gloria
464 858 531 928 viri,
546 879 582 916 ac
598 858 765 938 pessimum
781 858 966 917 inimicorum
984 878 1089 937 genus,

132 954 297 1014 laudantes.
337 956 380 1014 Et
394 975 430 1015 ea
443 954 580 1014 insecuta
593 967 661 1014 sunt
674 954 848 1033 reipublicae
862 946 1014 1034 tempora,
1023 975 1090 1034 quas

134 1050 216 1109 sileri
232 1051 408 1129 Agricolam
431 1071 490 1110 non
515 1050 662 1121 sinerent3
691 1063 735 1109 tot
757 1052 907 1110 exercitus
930 1051 960 1109 in
982 1052 1092 1111 Moesia

135 1147 301 1225 Daciaque,
315 1146 482 1205 Germania
497 1158 529 1205 et
543 1146 708 1217 Pannonia,
723 1147 890 1206 temeritate
909 1153 960 1207 aut
976 1169 1032 1227 per
1047 1148 1091 1227 ig·
1173 1222 1178 1230 ¹

133 1243 250 1303 naviam
263 1243 373 1301 ducum
384 1242 501 1301 amissi:
523 1255 566 1301 tot
577 1242 717 1302 militares
724 1244 780 1301 riri
790 1265 858 1303 cum
868 1257 911 1302 tot
921 1244 1091 1304 cohortibus

136 1338 300 1417 expugnati
314 1352 344 1397 et
358 1339 453 1417 capti;
476 1358 532 1397 nec
541 1339 606 1417 jam
616 1339 655 1397 de
668 1339 762 1398 limite
776 1340 895 1419 imperii
910 1353 940 1399 et
954 1341 1028 1420 ripa,
1038 1339 1092 1400 sed

135 1433 175 1493 de
188 1434 318 1493 hibernis
333 1435 486 1513 legionum
500 1445 530 1493 et
539 1435 725 1512 possessione
737 1435 912 1495 dubitatum.
953 1436 1009 1506 Ita,
1022 1457 1092 1495 curn

135 1529 245 1588 damna
252 1530 367 1589 damnis
376 1530 626 1601 continuarentur,
633 1542 721 1609 atque
733 1532 827 1590 omnis
836 1553 929 1590 annus
938 1532 1092 1591 funeribus

137 1638 167 1684 et
185 1625 319 1685 cladibus
336 1625 539 1705 insigniretur,
556 1628 736 1705 poscebatur
753 1647 805 1686 ore
821 1628 904 1706 vulgi
922 1628 984 1686 dux
1002 1628 1091 1706 Agri·

137 1722 219 1781 cola:
241 1723 483 1801 comparantibus
497 1723 610 1781 cunctis
624 1723 768 1802 vigorem,
780 1724 984 1793 constantiam,
997 1736 1028 1782 et
1041 1744 1092 1782 ex·

136 1830 255 1895 partum
271 1817 359 1877 bellis
380 1819 514 1878 animum
535 1839 604 1876 cum
619 1818 725 1877 inertia
742 1831 773 1877 et
788 1818 946 1877 formidine
963 1839 1091 1879 reorum.

138 1913 259 1985 Quibus
273 1915 460 1974 sermonibus
476 1914 550 1973 satis
566 1927 680 1973 constat
694 1914 859 1974 Domitiani
872 1936 992 1993 quoque
1007 1936 1093 1974 aures

137 2010 317 2081 verberatas,
338 2009 410 2070 dum
434 2010 565 2090 optimus
590 2011 716 2090 quisque
739 2011 912 2070 libertorum
937 2032 1037 2071 amore
1061 2024 1094 2071 et

136 2105 205 2176 fide,
219 2107 343 2185 pessimi
364 2107 551 2186 malignitate
574 2120 605 2167 et
624 2108 729 2178 livore,
744 2128 874 2188 pronum
895 2107 1093 2169 deterioribus

137 2203 306 2283 principem
328 2203 568 2263 exstimulabant.
609 2205 822 2284 SictAgn'cola
844 2204 932 2263 simul
955 2205 1020 2264 suis
1037 2203 1094 2262 vir·

137 2301 259 2371 tutibus,
275 2301 365 2360 simul
385 2301 466 2360 vitiis
488 2302 626 2373 aliorum,
639 2302 670 2360 in
691 2301 787 2382 ipsam
810 2301 936 2380 gloriam
957 2321 1095 2380 praeceps

138 2398 293 2477 agebatur.

176 2492 282 2552 XLII.
302 2492 420 2552 Aderat
422 2493 493 2573 jam
509 2513 612 2563 annus,
627 2514 686 2570 quo
707 2494 952 2572 proconsulatum
966 2492 1050 2550 Asiae
1063 2503 1095 2551 et

136 2588 249 2649 Africae
265 2589 439 2661 sortiretur;
461 2601 493 2673 et
509 2589 608 2648 occiso
626 2589 731 2647 Civica
746 2608 851 2667 nuper,
867 2607 925 2646 nec
941 2586 1094 2665 Agricolae

138 2685 296 2745 consilium
310 2685 422 2756 deerat,
436 2706 492 2765 nac
510 2683 685 2743 Domitiano
702 2684 884 2762 exemplum.
927 2682 1095 2742 Accessere

137 2780 261 2860 quidam
283 2780 495 2860 cogitationum
515 2779 657 2860 principis
679 2779 776 2859 periti,
791 2778 852 2856 qui,
866 2779 1002 2837 iturusne
1016 2790 1097 2837 esset

136 2877 170 2937 in
185 2877 380 2956 prorinmam,
393 2879 472 2937 ultro
491 2875 664 2956 Agricolam
686 2875 921 2955 interrogarent:
945 2894 980 2933 ac
999 2873 1096 2954 primo

139 2972 285 3034 occultius
299 2973 430 3052 quietern
445 2985 476 3032 et
490 2973 584 3033 otium
597 2971 731 3043 laudare,
742 2991 814 3030 mox
828 2990 951 3051 operam
965 2991 1051 3030 suam
1064 2971 1097 3030 in

139 3069 344 3148 approbanda¹
355 3069 549 3129 excusatione
572 3067 697 3129 offerre:
719 3080 870 3149 postremo
885 3088 946 3127 non
962 3068 1029 3148 jam
1045 3067 1097 3127 ob-

139 3164 230 3236 scuri,
243 3165 405 3226 suadentes
418 3165 507 3224 simul
520 3158 738 3243 terrentesque,
752 3177 927 3244 pertraxere
939 3163 977 3223 ad
991 3163 1097 3224 Domi·
1133 3202 1141 3215 ·

139 3260 264 3321 tianum.
291 3261 371 3334 'Qui
381 3273 503 3341 paratus
514 3260 751 3333 simulatione,in
761 3259 961 3339 arrogantiam
975 3278 1097 3337 compo·

140 3357 224 3429 situs,
238 3369 270 3417 et
290 3356 385 3417 audiit
404 3377 511 3437 preces
530 3357 709 3426 excusantis,
729 3368 768 3426 et,
783 3375 852 3416 cnm
872 3354 1033 3423 adnuisset,
1048 3353 1100 3432 agi

138 3453 198 3512 sibi
212 3451 323 3533 gratias
335 3473 440 3535 passus
454 3465 513 3513 est:
527 3472 585 3512 nec
598 3451 719 3511 erubuit
730 3450 869 3509 beneficii
883 3447 1003 3507 invidia.
1044 3447 1098 3507 Sa·

67 3608 73 3613 .
139 3548 249 3609 larium
258 3561 368 3620 maren,
376 3548 583 3629 proconsulari
597 3546 716 3607 solitum
729 3543 838 3614 offerri,
848 3555 878 3602 et
891 3542 1099 3620 quibusdama

140 3664 175 3707 se
186 3646 254 3728 ipso
268 3666 451 3720 concessum,
464 3643 616 3726 Agricolae
629 3662 690 3702 non
703 3639 804 3702 dedit:
819 3639 884 3701 sire
896 3638 1023 3700 offensus
1036 3658 1099 3700 non
