2400 4290
136 251 179 314 50
425 261 451 301 c.
472 260 647 300 conuentus
670 261 814 300 'rucr'rua

65 398 70 413 '
136 396 228 455 moris
247 406 321 466 eret,
335 393 430 450 fronte
446 392 541 459 laetus,
556 404 677 469 pectore
700 390 803 454 anxius
824 392 953 470 excepit.
994 394 1096 455 Inerat

136 491 325 559 conscientia,
342 488 455 547 derisui
472 487 565 545 fuisse
586 507 684 564 nuper
700 487 807 544 falsum
828 508 846 545 e
864 487 1028 548 Germania
1045 492 1096 549 tri·

136 588 290 666 umphum,
313 588 400 645 emtis
421 604 477 662 per
487 582 675 653 commercia,
686 603 814 660 quorum
825 583 943 642 habitus
958 587 1096 649 etotines

136 682 165 741 in
181 681 364 760 captivorum
378 680 510 758 speciem
523 678 737 739 formarentur:
759 691 789 738 at
802 700 881 738 nunc
895 701 998 738 veram
1012 701 1095 761 mag·

136 799 265 856 nemque
275 777 436 846 victoriam,
448 789 493 835 tot
502 776 633 834 millibus
646 776 777 835 hostium
789 776 883 845 caesis,
894 776 1005 854 ingenti
1015 778 1096 838 fama

136 874 293 935 celebrari.
334 873 371 931 Id
386 873 444 932 sibi
459 871 589 930 maxime
599 870 835 940 formidolosum,
844 871 952 950 privati
965 874 1095 934 hominis

136 990 247 1039 nomeu
257 990 347 1048 supra
357 968 497 1048 principis
509 967 618 1026 attollit
636 966 745 1025 frustra
756 967 853 1026 studia
860 967 914 1025 fori
924 980 955 1026 et
963 969 1094 1030 civilium

136 1066 243 1127 artium
258 1065 350 1124 decus
367 1065 397 1122 in
411 1063 561 1122 silentium
577 1076 650 1131 acta,
664 1062 690 1120 si
704 1062 863 1120 militarem
877 1063 1004 1141 gloriam
1019 1066 1094 1125 alius

135 1173 315 1241 occuparet:
336 1172 367 1219 et
384 1172 484 1218 cetera
501 1171 651 1235 utcunque
668 1157 785 1216 facilius
802 1157 991 1229 dissimulari,
1009 1159 1094 1219 ducis

134 1256 205 1317 boni
215 1255 438 1334 imperatoriam
447 1254 587 1311 virtutem
598 1273 674 1311 esse.
706 1252 830 1312 Talibus
841 1255 921 1312 curis
931 1255 1093 1326 exercitus,

134 1351 275 1429 quodque
302 1371 388 1408 saevae
416 1348 603 1426 cogitationis
629 1348 770 1407 indicium
798 1363 870 1419 erat,
895 1364 1012 1409 secreto
1038 1373 1094 1410 suo

134 1447 268 1516 satiatus,
285 1445 430 1524 optimum
451 1445 481 1500 in
501 1444 664 1522 praesentia
683 1445 784 1502 statuit
811 1465 959 1523 reponere
981 1446 1093 1519 odium,

134 1541 230 1601 donec
244 1541 373 1620 impetus
384 1540 472 1598 famae
487 1553 518 1598 et
527 1538 611 1597 favor
625 1539 774 1598 exercitus
782 1541 1007 1619 languesceret:
1024 1563 1093 1600 nam

134 1637 225 1699 etiem
238 1650 304 1696 tum
317 1637 463 1716 Agricola
476 1635 662 1694 Britanniam
677 1636 838 1696 obtinebat.

174 1735 245 1795 XL.
269 1734 366 1814 Igitur
388 1733 581 1810 triumphalia
604 1743 773 1791 ornamenta
796 1744 822 1790 et
842 1733 968 1791 illustria
989 1745 1093 1795 statua

133 1831 267 1890 honorem
283 1841 310 1889 et
326 1830 471 1908 quidquid
482 1850 540 1905 pro
557 1829 703 1905 triumpho
717 1823 814 1899 datur,
826 1831 920 1889 multo
933 1832 1092 1890 verborum

134 1925 248 1984 honore
258 1918 544 1994 cumulatadecerni
553 1924 582 1981 in
591 1936 695 1983 senatu
701 1925 806 2002 jubet:
822 1923 964 2002 additque
973 1924 1093 2004 insuper

134 2020 319 2099 opinionem,
328 2020 445 2096 Syriam
454 2019 638 2097 provinciam
646 2018 799 2103 Agricolae
808 2019 958 2091 destinari,
967 2042 1092 2080 vacuam

134 2128 196 2175 tum
209 2132 303 2174 morte
313 2115 400 2174 Atilii
409 2113 670 2193 Rufi„c0nsularis,
680 2126 711 2171 et
725 2115 889 2192 majoribus
900 2129 1091 2176 reservatam.

135 2210 300 2271 Credidere
317 2211 462 2290 plerique,
477 2210 618 2268 libertum
635 2229 673 2267 ex
690 2209 901 2268 secretioribus
919 2212 1092 2272 ministeriis

134 2306 259 2367 missum
273 2305 311 2366 ad
321 2306 503 2386 Agricolam,
518 2304 681 2375 codicillos,
692 2303 799 2382 quibus
815 2305 844 2364 ei
858 2305 946 2383 Syria
958 2307 1092 2378 dabatur,

133 2403 248 2473 tulisse,
263 2423 332 2461 cum
348 2415 511 2482 praecepto,
526 2413 567 2470 ut,
582 2400 607 2459 si
624 2401 655 2459 iu
668 2400 825 2459 Britannia
841 2401 926 2470 foret,
940 2404 1092 2462 traderen-

133 2514 198 2573 tur3
220 2519 349 2579 eumque
365 2498 508 2558 libertum
524 2498 555 2556 iu
572 2498 638 2577 ipso
652 2496 728 2555 freto
745 2498 850 2556 oceani
868 2498 988 2556 obvium
1001 2501 1091 2578 Agri·

133 2598 218 2666 cola,
233 2616 273 2655 ne
288 2596 437 2676 appellato
451 2594 574 2674 quidem
589 2614 637 2663 eo,
652 2593 690 2652 ad
705 2592 911 2652 Domitianum
925 2614 1090 2666 remeasse3

134 2692 198 2752 sive
212 2712 316 2753 verum
328 2692 417 2761 istud,
432 2692 496 2751 sive
509 2712 549 2751 ex
562 2690 683 2770 ingenio
697 2690 841 2769 principis
853 2689 954 2748 fictum
969 2711 1003 2749 ac
1013 2711 1091 2749 com-

134 2788 263 2867 positum
278 2801 331 2848 est.
373 2788 554 2846 Tradiderat
568 2787 687 2846 interim
705 2786 847 2864 Agricola
861 2787 1024 2845 successori
1038 2807 1092 2845 suo

132 2883 315 2962 provinciam
330 2883 463 2959 quietam
476 2896 640 2960 tutamque.
680 2883 739 2951 Ac,
754 2901 792 2939 ne
809 2882 950 2941 notabilis
965 2883 1091 2942 celebri·

133 2989 195 3035 tete
222 2989 253 3034 et
275 2976 448 3053 frequentia
477 2976 697 3034 occurrentium
724 2975 862 3033 introitus
887 2989 974 3044 esset,
997 2977 1091 3036 vitato

134 3070 299 3131 amicorum
314 3070 422 3140 officio,
436 3083 527 3128 noctu
543 3069 575 3127 in
592 3070 708 3138 urbem,
722 3083 816 3127 noctu
832 3068 863 3126 in
880 3070 1034 3148 palatium,
1050 3073 1091 3131 ita

133 3178 167 3226 ut
185 3178 370 3244 preceptum
392 3165 573 3236 emtveuit:
595 3176 805 3242 exceptusque
825 3164 910 3222 brevi
934 3165 1044 3235 osculo,
1059 3180 1090 3226 et

132 3263 215 3321 nullo
225 3281 372 3331 sermone,
380 3260 476 3319 turbae
486 3259 677 3318 servientium
686 3258 840 3318 immixtus
851 3270 903 3317 est.
935 3258 1089 3334 Ceterum,

133 3371 168 3417 ut
189 3358 317 3417 militare
340 3376 460 3426 nomen,
485 3375 576 3434 grave
601 3354 678 3412 inter
698 3353 814 3423 otiosos,
839 3355 906 3413 aliis
929 3354 1090 3417 virtutibus

134 3465 326 3533 temperaret,
349 3451 592 3531 tranquillitatem
617 3463 705 3528 atque
733 3450 828 3508 otium
851 3451 969 3529 penitus
997 3453 1089 3522 auxit,

134 3551 215 3609 cultu
232 3549 377 3619 modicus,
394 3567 533 3609 sermone
550 3547 654 3617 facilis,
669 3567 729 3606 uno
746 3559 796 3605 aut
812 3548 904 3605 altero
925 3547 1089 3607 amicorum

135 3647 309 3718 comitatum
339 3645 416 3707 adeo
437 3659 471 3707 ut
493 3645 642 3727 plerique,
660 3643 770 3725 quibus
791 3663 915 3724 magnos
935 3644 1014 3704 viros
1033 3665 1090 3725 per
